<?xml version="1.0" encoding="UTF-8"?>
<!DOCTYPE html PUBLIC "-//W3C//DTD XHTML 1.0 Transitional//EN"
    "http://www.w3.org/TR/xhtml1/DTD/xhtml1-transitional.dtd">
<html xmlns="http://www.w3.org/1999/xhtml" xml:lang="en" lang="en">
 <head>
  <title>
</title>
<meta http-equiv="Content-Type" content="text/html;charset=utf-8" />
  <meta name='ocr-system' content='tesseract 3.04.00' />
  <meta name='ocr-capabilities' content='ocr_page ocr_carea ocr_par ocr_line ocrx_word'/>
</head>
<body>
  <div class='ocr_page' id='page_1' title='image "./marcellidecompe00marcgoog/marcellidecompe00marcgoog_0026.png"; bbox 0 0 3674 5250; ppageno 0'>
   <div class='ocr_carea' id='block_1_1' title="bbox 1460 454 1520 522">
    <p class='ocr_par' dir='ltr' id='par_1_1' title="bbox 1460 454 1520 522">
     <span class='ocr_line' id='line_1_1' title="bbox 1460 454 1520 522; baseline 0.017 -21"><span class='ocrx_word' id='word_1_1' title='bbox 1460 454 1520 522; x_wconf 81' lang='grc' dir='ltr'>ιιιιι</span> 
     </span>
    </p>
   </div>
   <div class='ocr_carea' id='block_1_2' title="bbox 130 596 1601 2560">
    <p class='ocr_par' dir='ltr' id='par_1_2' title="bbox 130 596 1601 2162">
     <span class='ocr_line' id='line_1_2' title="bbox 132 596 1519 706; baseline 0 -24"><span class='ocrx_word' id='word_1_2' title='bbox 132 633 206 706; x_wconf 85' lang='lat' dir='ltr'>cap.</span> <span class='ocrx_word' id='word_1_3' title='bbox 231 605 278 678; x_wconf 83' lang='grc' dir='ltr'>Χ.</span> <span class='ocrx_word' id='word_1_4' title='bbox 305 601 594 676; x_wconf 84' lang='lat' dir='ltr'>commemoravit</span> <span class='ocrx_word' id='word_1_5' title='bbox 644 596 819 672; x_wconf 73' lang='lat' dir='ltr'>Prete&#39;rco</span> <span class='ocrx_word' id='word_1_6' title='bbox 846 597 979 697; x_wconf 64' lang='lat' dir='ltr'>uliqnot</span> <span class='ocrx_word' id='word_1_7' title='bbox 1005 596 1191 672; x_wconf 86' lang='lat' dir='ltr'>verborum</span> <span class='ocrx_word' id='word_1_8' title='bbox 1213 613 1403 676; x_wconf 87' lang='lat' dir='ltr'>structuras</span> <span class='ocrx_word' id='word_1_9' title='bbox 1427 609 1519 682; x_wconf 71' lang='lat' dir='ltr'>inse</span> 
     </span>
     <span class='ocr_line' id='line_1_3' title="bbox 130 719 1520 820; baseline -0.002 -16"><span class='ocrx_word' id='word_1_10' title='bbox 130 733 209 804; x_wconf 77' lang='lat' dir='ltr'>litus</span> <span class='ocrx_word' id='word_1_11' title='bbox 235 728 376 801; x_wconf 66' lang='lat' dir='ltr'>nonsit</span> <span class='ocrx_word' id='word_1_12' title='bbox 425 720 500 797; x_wconf 87' lang='lat' dir='ltr'>Sed</span> <span class='ocrx_word' id='word_1_13' title='bbox 532 723 569 792; x_wconf 93' lang='lat' dir='ltr'>in</span> <span class='ocrx_word' id='word_1_14' title='bbox 592 721 640 791; x_wconf 87' lang='lat' dir='ltr'>X.</span> <span class='ocrx_word' id='word_1_15' title='bbox 674 745 750 818; x_wconf 86' lang='lat' dir='ltr'>unp.</span> <span class='ocrx_word' id='word_1_16' title='bbox 894 719 930 791; x_wconf 93' lang='lat' dir='ltr'>id</span> <span class='ocrx_word' id='word_1_17' title='bbox 963 733 1067 820; x_wconf 72' lang='lat' dir='ltr'>spat,</span> <span class='ocrx_word' id='word_1_18' title='bbox 1100 733 1141 794; x_wconf 82' lang='lat' dir='ltr'>et</span> <span class='ocrx_word' id='word_1_19' title='bbox 1172 723 1301 796; x_wconf 73' lang='lat' dir='ltr'>fernim</span> <span class='ocrx_word' id='word_1_20' title='bbox 1334 723 1520 802; x_wconf 80' lang='lat' dir='ltr'>verborum</span> 
     </span>
     <span class='ocr_line' id='line_1_4' title="bbox 131 831 1573 950; baseline -0.003 -24"><span class='ocrx_word' id='word_1_21' title='bbox 131 849 267 928; x_wconf 83' lang='lat' dir='ltr'>exalia</span> <span class='ocrx_word' id='word_1_22' title='bbox 290 847 535 945; x_wconf 75' lang='lat' dir='ltr'>coniugatione</span> <span class='ocrx_word' id='word_1_23' title='bbox 560 843 684 940; x_wconf 86' lang='lat' dir='ltr'>petitus</span> <span class='ocrx_word' id='word_1_24' title='bbox 717 854 908 934; x_wconf 85' lang='lat' dir='ltr'>enumeret,</span> <span class='ocrx_word' id='word_1_25' title='bbox 944 845 1164 918; x_wconf 75' lang='lat' dir='ltr'>econtrario</span> <span class='ocrx_word' id='word_1_26' title='bbox 1178 831 1346 919; x_wconf 80' lang='lat' dir='ltr'>nonnulla</span> <span class='ocrx_word' id='word_1_27' title='bbox 1362 841 1520 950; x_wconf 76' lang='lat' dir='ltr'>r‘rempla</span> <span class='ocrx_word' id='word_1_28' title='bbox 1568 920 1573 936; x_wconf 75' lang='grc'><strong>,</strong></span> 
     </span>
     <span class='ocr_line' id='line_1_5' title="bbox 131 965 1538 1074; baseline -0.001 -25"><span class='ocrx_word' id='word_1_29' title='bbox 131 977 252 1048; x_wconf 85' lang='lat' dir='ltr'>mutati</span> <span class='ocrx_word' id='word_1_30' title='bbox 276 973 416 1074; x_wconf 74' lang='lat' dir='ltr'>generis</span> <span class='ocrx_word' id='word_1_31' title='bbox 439 965 633 1064; x_wconf 75' lang='lat' dir='ltr'>adscripsit,</span> <span class='ocrx_word' id='word_1_32' title='bbox 668 965 732 1040; x_wconf 84' lang='lat' dir='ltr'>cfr.</span> <span class='ocrx_word' id='word_1_33' title='bbox 754 965 923 1063; x_wconf 62' lang='lat' dir='ltr'>foratu,</span> <span class='ocrx_word' id='word_1_34' title='bbox 953 978 1119 1062; x_wconf 65' lang='lat' dir='ltr'>metae,</span> <span class='ocrx_word' id='word_1_35' title='bbox 1140 979 1310 1066; x_wconf 66' lang='lat' dir='ltr'>prum,</span> <span class='ocrx_word' id='word_1_36' title='bbox 1331 983 1538 1070; x_wconf 55' lang='lat' dir='ltr'>passae,</span> 
     </span>
     <span class='ocr_line' id='line_1_6' title="bbox 131 1089 1601 1191; baseline -0.003 -23"><span class='ocrx_word' id='word_1_37' title='bbox 131 1099 282 1174; x_wconf 63' lang='lat' dir='ltr'>cohaesit.</span> <span class='ocrx_word' id='word_1_38' title='bbox 330 1095 495 1191; x_wconf 84' lang='lat' dir='ltr'>Denique</span> <span class='ocrx_word' id='word_1_39' title='bbox 520 1115 594 1189; x_wconf 85' lang='lat' dir='ltr'>cap.</span> <span class='ocrx_word' id='word_1_40' title='bbox 618 1089 686 1162; x_wconf 85' lang='lat' dir='ltr'>Xl.</span> <span class='ocrx_word' id='word_1_41' title='bbox 707 1091 876 1164; x_wconf 72' lang='lat' dir='ltr'>sumtu</span> <span class='ocrx_word' id='word_1_42' title='bbox 899 1092 1112 1189; x_wconf 85' lang='lat' dir='ltr'>composuit,</span> <span class='ocrx_word' id='word_1_43' title='bbox 1146 1117 1224 1190; x_wconf 82' lang='lat' dir='ltr'>qum</span> <span class='ocrx_word' id='word_1_44' title='bbox 1250 1103 1372 1174; x_wconf 69' lang='lat' dir='ltr'>conus</span> <span class='ocrx_word' id='word_1_45' title='bbox 1397 1096 1522 1171; x_wconf 66' lang='lat' dir='ltr'>Graue</span> <span class='ocrx_word' id='word_1_46' title='bbox 1598 1151 1601 1164; x_wconf 75' lang='grc'><strong><em>,</em></strong></span> 
     </span>
     <span class='ocr_line' id='line_1_7' title="bbox 131 1215 1522 1317; baseline 0.001 -22"><span class='ocrx_word' id='word_1_47' title='bbox 131 1224 334 1296; x_wconf 82' lang='lat' dir='ltr'>meticorcm</span> <span class='ocrx_word' id='word_1_48' title='bbox 358 1215 498 1316; x_wconf 72' lang='lat' dir='ltr'>regulas</span> <span class='ocrx_word' id='word_1_49' title='bbox 522 1215 579 1290; x_wconf 86' lang='lat' dir='ltr'>vel</span> <span class='ocrx_word' id='word_1_50' title='bbox 603 1227 727 1290; x_wconf 80' lang='lat' dir='ltr'>contre</span> <span class='ocrx_word' id='word_1_51' title='bbox 750 1215 947 1317; x_wconf 69' lang='lat' dir='ltr'>analogiam</span> <span class='ocrx_word' id='word_1_52' title='bbox 979 1221 1015 1290; x_wconf 95' lang='lat' dir='ltr'>in</span> <span class='ocrx_word' id='word_1_53' title='bbox 1035 1223 1101 1309; x_wconf 83' lang='lat' dir='ltr'>ter,</span> <span class='ocrx_word' id='word_1_54' title='bbox 1124 1221 1193 1312; x_wconf 84' lang='lat' dir='ltr'>im,</span> <span class='ocrx_word' id='word_1_55' title='bbox 1217 1245 1249 1311; x_wconf 85' lang='lat' dir='ltr'>s,</span> <span class='ocrx_word' id='word_1_56' title='bbox 1272 1247 1327 1314; x_wconf 82' lang='lat' dir='ltr'>us,</span> <span class='ocrx_word' id='word_1_57' title='bbox 1351 1221 1522 1298; x_wconf 84' lang='lat' dir='ltr'>desinunt.</span> 
     </span>
     <span class='ocr_line' id='line_1_8' title="bbox 132 1337 1523 1445; baseline 0.003 -27"><span class='ocrx_word' id='word_1_58' title='bbox 132 1347 285 1445; x_wconf 79' lang='lat' dir='ltr'><strong>Reliqua</strong></span> <span class='ocrx_word' id='word_1_59' title='bbox 307 1351 435 1432; x_wconf 67' lang='lat' dir='ltr'>summ,</span> <span class='ocrx_word' id='word_1_60' title='bbox 458 1343 493 1412; x_wconf 93' lang='lat' dir='ltr'>in</span> <span class='ocrx_word' id='word_1_61' title='bbox 518 1337 645 1440; x_wconf 85' lang='lat' dir='ltr'>quibus</span> <span class='ocrx_word' id='word_1_62' title='bbox 669 1339 713 1414; x_wconf 94' lang='lat' dir='ltr'>de</span> <span class='ocrx_word' id='word_1_63' title='bbox 737 1365 867 1440; x_wconf 75' lang='lat' dir='ltr'>genere</span> <span class='ocrx_word' id='word_1_64' title='bbox 892 1343 1122 1442; x_wconf 71' lang='lat' dir='ltr'>navigiorum,</span> <span class='ocrx_word' id='word_1_65' title='bbox 1145 1345 1440 1440; x_wconf 74' lang='lat' dir='ltr'><strong>vestimentorum,</strong></span> <span class='ocrx_word' id='word_1_66' title='bbox 1462 1373 1523 1422; x_wconf 76' lang='lat' dir='ltr'>sa·</span> 
     </span>
     <span class='ocr_line' id='line_1_9' title="bbox 131 1459 1524 1570; baseline 0.004 -34"><span class='ocrx_word' id='word_1_67' title='bbox 131 1495 251 1544; x_wconf 72' lang='lat' dir='ltr'>sonum</span> <span class='ocrx_word' id='word_1_68' title='bbox 274 1464 331 1538; x_wconf 80' lang='lat' dir='ltr'>vel</span> <span class='ocrx_word' id='word_1_69' title='bbox 354 1463 570 1562; x_wconf 86' lang='lat' dir='ltr'>poculorum,</span> <span class='ocrx_word' id='word_1_70' title='bbox 595 1487 789 1555; x_wconf 72' lang='lat' dir='ltr'>armornm,</span> <span class='ocrx_word' id='word_1_71' title='bbox 822 1459 977 1538; x_wconf 74' lang='lat' dir='ltr'>ciborum</span> <span class='ocrx_word' id='word_1_72' title='bbox 1002 1463 1058 1538; x_wconf 88' lang='lat' dir='ltr'>vel</span> <span class='ocrx_word' id='word_1_73' title='bbox 1082 1491 1284 1562; x_wconf 89' lang='lat' dir='ltr'>pomorum,</span> <span class='ocrx_word' id='word_1_74' title='bbox 1316 1465 1360 1542; x_wconf 87' lang='lat' dir='ltr'>de</span> <span class='ocrx_word' id='word_1_75' title='bbox 1393 1493 1524 1570; x_wconf 77' lang='lat' dir='ltr'>genere</span> 
     </span>
     <span class='ocr_line' id='line_1_10' title="bbox 132 1577 1524 1690; baseline 0 -24"><span class='ocrx_word' id='word_1_76' title='bbox 132 1593 190 1668; x_wconf 84' lang='lat' dir='ltr'>rel</span> <span class='ocrx_word' id='word_1_77' title='bbox 214 1590 331 1664; x_wconf 86' lang='lat' dir='ltr'>colors</span> <span class='ocrx_word' id='word_1_78' title='bbox 355 1591 637 1663; x_wconf 75' lang='lat' dir='ltr'>vestimentorum</span> <span class='ocrx_word' id='word_1_79' title='bbox 661 1598 698 1660; x_wconf 90' lang='lat' dir='ltr'>et</span> <span class='ocrx_word' id='word_1_80' title='bbox 725 1587 769 1660; x_wconf 87' lang='lat' dir='ltr'>dc</span> <span class='ocrx_word' id='word_1_81' title='bbox 793 1577 1054 1686; x_wconf 66' lang='lat' dir='ltr'>propinquitate</span> <span class='ocrx_word' id='word_1_82' title='bbox 1079 1587 1232 1662; x_wconf 86' lang='lat' dir='ltr'>breviter</span> <span class='ocrx_word' id='word_1_83' title='bbox 1263 1596 1440 1690; x_wconf 85' lang='lat' dir='ltr'>exposuit,</span> <span class='ocrx_word' id='word_1_84' title='bbox 1474 1593 1524 1666; x_wconf 94' lang='lat' dir='ltr'>nil</span> 
     </span>
     <span class='ocr_line' id='line_1_11' title="bbox 132 1707 1523 1824; baseline 0.001 -36"><span class='ocrx_word' id='word_1_85' title='bbox 132 1715 276 1807; x_wconf 81' lang='lat' dir='ltr'>hubent,</span> <span class='ocrx_word' id='word_1_86' title='bbox 298 1709 393 1813; x_wconf 84' lang='lat' dir='ltr'>qnod</span> <span class='ocrx_word' id='word_1_87' title='bbox 416 1713 464 1786; x_wconf 82' lang='lat' dir='ltr'>sd</span> <span class='ocrx_word' id='word_1_88' title='bbox 489 1711 758 1824; x_wconf 72' lang='lat' dir='ltr'>Grcmmuticpm</span> <span class='ocrx_word' id='word_1_89' title='bbox 785 1707 972 1812; x_wconf 83' lang='lat' dir='ltr'>pertineat,</span> <span class='ocrx_word' id='word_1_90' title='bbox 988 1737 1112 1812; x_wconf 84' lang='lat' dir='ltr'>neque</span> <span class='ocrx_word' id='word_1_91' title='bbox 1139 1711 1244 1812; x_wconf 70' lang='lat' dir='ltr'>digna</span> <span class='ocrx_word' id='word_1_92' title='bbox 1270 1727 1372 1809; x_wconf 86' lang='lat' dir='ltr'>sunt,</span> <span class='ocrx_word' id='word_1_93' title='bbox 1397 1717 1523 1818; x_wconf 88' lang='lat' dir='ltr'>qnibns</span> 
     </span>
     <span class='ocr_line' id='line_1_12' title="bbox 134 1837 1523 1938; baseline 0 -24"><span class='ocrx_word' id='word_1_94' title='bbox 134 1841 260 1914; x_wconf 88' lang='lat' dir='ltr'>diutius</span> <span class='ocrx_word' id='word_1_95' title='bbox 284 1843 517 1930; x_wconf 85' lang='lat' dir='ltr'>immoremur,</span> <span class='ocrx_word' id='word_1_96' title='bbox 541 1841 607 1911; x_wconf 89' lang='lat' dir='ltr'>nisi</span> <span class='ocrx_word' id='word_1_97' title='bbox 633 1837 729 1938; x_wconf 92' lang='lat' dir='ltr'>quod</span> <span class='ocrx_word' id='word_1_98' title='bbox 752 1837 852 1937; x_wconf 86' lang='lat' dir='ltr'>plura</span> <span class='ocrx_word' id='word_1_99' title='bbox 877 1837 1037 1912; x_wconf 89' lang='lat' dir='ltr'>obsoleta</span> <span class='ocrx_word' id='word_1_100' title='bbox 1060 1865 1174 1912; x_wconf 90' lang='lat' dir='ltr'>rernm</span> <span class='ocrx_word' id='word_1_101' title='bbox 1207 1837 1379 1912; x_wconf 85' lang='lat' dir='ltr'>vocnbnlu</span> <span class='ocrx_word' id='word_1_102' title='bbox 1404 1843 1523 1936; x_wconf 87' lang='lat' dir='ltr'>puceis</span> 
     </span>
     <span class='ocr_line' id='line_1_13' title="bbox 135 1960 1523 2072; baseline -0.001 -34"><span class='ocrx_word' id='word_1_103' title='bbox 135 1964 215 2056; x_wconf 90' lang='lat' dir='ltr'>illis,</span> <span class='ocrx_word' id='word_1_104' title='bbox 240 1991 317 2064; x_wconf 79' lang='lat' dir='ltr'>qum</span> <span class='ocrx_word' id='word_1_105' title='bbox 337 1963 475 2036; x_wconf 71' lang='lat' dir='ltr'>laudata</span> <span class='ocrx_word' id='word_1_106' title='bbox 499 1975 602 2053; x_wconf 88' lang='lat' dir='ltr'>sunt,</span> <span class='ocrx_word' id='word_1_107' title='bbox 636 1963 845 2059; x_wconf 90' lang='lat' dir='ltr'>scriptorum</span> <span class='ocrx_word' id='word_1_108' title='bbox 870 1960 1074 2061; x_wconf 71' lang='lat' dir='ltr'>fragmentis</span> <span class='ocrx_word' id='word_1_109' title='bbox 1098 1962 1241 2034; x_wconf 70' lang='lat' dir='ltr'>suictim</span> <span class='ocrx_word' id='word_1_110' title='bbox 1272 1960 1420 2035; x_wconf 86' lang='lat' dir='ltr'>enodata</span> <span class='ocrx_word' id='word_1_111' title='bbox 1446 1989 1523 2072; x_wconf 74' lang='lat' dir='ltr'>esse</span> 
     </span>
     <span class='ocr_line' id='line_1_14' title="bbox 134 2086 456 2162; baseline -0.012 -1"><span class='ocrx_word' id='word_1_112' title='bbox 134 2086 367 2162; x_wconf 86' lang='lat' dir='ltr'>confitendum</span> <span class='ocrx_word' id='word_1_113' title='bbox 393 2097 456 2158; x_wconf 87' lang='lat' dir='ltr'>est.</span> 
     </span>
    </p>

    <p class='ocr_par' dir='ltr' id='par_1_3' title="bbox 132 2209 1525 2560">
     <span class='ocr_line' id='line_1_15' title="bbox 231 2209 1525 2309; baseline 0.003 -27"><span class='ocrx_word' id='word_1_114' title='bbox 231 2211 306 2282; x_wconf 86' lang='lat' dir='ltr'>lam</span> <span class='ocrx_word' id='word_1_115' title='bbox 339 2222 379 2281; x_wconf 92' lang='lat' dir='ltr'>ut</span> <span class='ocrx_word' id='word_1_116' title='bbox 411 2235 512 2284; x_wconf 89' lang='lat' dir='ltr'>snum</span> <span class='ocrx_word' id='word_1_117' title='bbox 545 2213 670 2309; x_wconf 88' lang='lat' dir='ltr'>cuique</span> <span class='ocrx_word' id='word_1_118' title='bbox 694 2209 886 2302; x_wconf 88' lang='lat' dir='ltr'>tribuatur,</span> <span class='ocrx_word' id='word_1_119' title='bbox 919 2235 1007 2283; x_wconf 84' lang='lat' dir='ltr'>neve</span> <span class='ocrx_word' id='word_1_120' title='bbox 1039 2211 1135 2283; x_wconf 74' lang='lat' dir='ltr'>iuste</span> <span class='ocrx_word' id='word_1_121' title='bbox 1171 2211 1275 2284; x_wconf 83' lang='lat' dir='ltr'>Nonii</span> <span class='ocrx_word' id='word_1_122' title='bbox 1313 2209 1433 2285; x_wconf 87' lang='lat' dir='ltr'>laudes</span> <span class='ocrx_word' id='word_1_123' title='bbox 1465 2225 1525 2286; x_wconf 84' lang='lat' dir='ltr'>aut</span> 
     </span>
     <span class='ocr_line' id='line_1_16' title="bbox 132 2333 1525 2432; baseline 0.001 -25"><span class='ocrx_word' id='word_1_124' title='bbox 132 2337 377 2408; x_wconf 89' lang='lat' dir='ltr'>imminuantur</span> <span class='ocrx_word' id='word_1_125' title='bbox 411 2345 471 2406; x_wconf 83' lang='lat' dir='ltr'>sut</span> <span class='ocrx_word' id='word_1_126' title='bbox 494 2335 531 2406; x_wconf 93' lang='lat' dir='ltr'>in</span> <span class='ocrx_word' id='word_1_127' title='bbox 554 2336 665 2408; x_wconf 84' lang='lat' dir='ltr'>moins</span> <span class='ocrx_word' id='word_1_128' title='bbox 689 2333 932 2425; x_wconf 75' lang='lat' dir='ltr'>celebrentur,</span> <span class='ocrx_word' id='word_1_129' title='bbox 964 2333 1152 2432; x_wconf 77' lang='lat' dir='ltr'>paneade</span> <span class='ocrx_word' id='word_1_130' title='bbox 1184 2333 1346 2408; x_wconf 88' lang='lat' dir='ltr'>subsidiis</span> <span class='ocrx_word' id='word_1_131' title='bbox 1378 2333 1525 2409; x_wconf 85' lang='lat' dir='ltr'>dicenda</span> 
     </span>
     <span class='ocr_line' id='line_1_17' title="bbox 132 2459 1523 2560; baseline 0.001 -28"><span class='ocrx_word' id='word_1_132' title='bbox 132 2471 233 2550; x_wconf 90' lang='lat' dir='ltr'>sunt,</span> <span class='ocrx_word' id='word_1_133' title='bbox 264 2462 410 2558; x_wconf 76' lang='lat' dir='ltr'>quein</span> <span class='ocrx_word' id='word_1_134' title='bbox 443 2461 531 2532; x_wconf 86' lang='lat' dir='ltr'>tanti</span> <span class='ocrx_word' id='word_1_135' title='bbox 565 2463 681 2560; x_wconf 90' lang='lat' dir='ltr'>operis</span> <span class='ocrx_word' id='word_1_136' title='bbox 706 2461 883 2560; x_wconf 72' lang='lat' dir='ltr'>ferragine</span> <span class='ocrx_word' id='word_1_137' title='bbox 914 2459 1136 2559; x_wconf 76' lang='lat' dir='ltr'>congerenda</span> <span class='ocrx_word' id='word_1_138' title='bbox 1161 2463 1193 2534; x_wconf 88' lang='lat' dir='ltr'>ei</span> <span class='ocrx_word' id='word_1_139' title='bbox 1222 2461 1420 2534; x_wconf 78' lang='lat' dir='ltr'>adiumento</span> <span class='ocrx_word' id='word_1_140' title='bbox 1446 2487 1523 2534; x_wconf 89' lang='lat' dir='ltr'>csse</span> 
     </span>
    </p>
   </div>
   <div class='ocr_carea' id='block_1_3' title="bbox 16 2581 1524 2685">
    <p class='ocr_par' dir='ltr' id='par_1_4' title="bbox 16 2581 1524 2685">
     <span class='ocr_line' id='line_1_18' title="bbox 16 2581 1524 2685; baseline -0.001 -27"><span class='ocrx_word' id='word_1_141' title='bbox 16 2627 17 2630; x_wconf 17' lang='grc' dir='ltr'>π</span> <span class='ocrx_word' id='word_1_142' title='bbox 132 2598 331 2685; x_wconf 85' lang='lat' dir='ltr'>potuerunt.</span> <span class='ocrx_word' id='word_1_143' title='bbox 380 2585 456 2657; x_wconf 88' lang='lat' dir='ltr'>lum</span> <span class='ocrx_word' id='word_1_144' title='bbox 480 2584 549 2658; x_wconf 91' lang='lat' dir='ltr'>boc</span> <span class='ocrx_word' id='word_1_145' title='bbox 573 2581 712 2683; x_wconf 87' lang='lat' dir='ltr'>quidem</span> <span class='ocrx_word' id='word_1_146' title='bbox 729 2586 813 2656; x_wconf 79' lang='lat' dir='ltr'>setis</span> <span class='ocrx_word' id='word_1_147' title='bbox 827 2586 1240 2678; x_wconf 78' lang='lat' dir='ltr'>constat,‘liomsnorum</span> <span class='ocrx_word' id='word_1_148' title='bbox 1255 2587 1394 2684; x_wconf 73' lang='lat' dir='ltr'>ingenia</span> <span class='ocrx_word' id='word_1_149' title='bbox 1409 2609 1524 2684; x_wconf 86' lang='lat' dir='ltr'>neque</span> 
     </span>
    </p>
   </div>
   <div class='ocr_carea' id='block_1_4' title="bbox 133 2709 1567 4176">
    <p class='ocr_par' dir='ltr' id='par_1_5' title="bbox 135 2709 1525 2934">
     <span class='ocr_line' id='line_1_19' title="bbox 136 2709 1524 2807; baseline -0.001 -26"><span class='ocrx_word' id='word_1_150' title='bbox 136 2720 236 2781; x_wconf 74' lang='lat' dir='ltr'>antea</span> <span class='ocrx_word' id='word_1_151' title='bbox 262 2735 283 2780; x_wconf 84' lang='lat' dir='ltr'><strong>a</strong></span> <span class='ocrx_word' id='word_1_152' title='bbox 308 2709 542 2784; x_wconf 75' lang='lat' dir='ltr'>Grammatico</span> <span class='ocrx_word' id='word_1_153' title='bbox 574 2709 816 2802; x_wconf 73' lang='lat' dir='ltr'>abhorruisse,</span> <span class='ocrx_word' id='word_1_154' title='bbox 849 2719 885 2781; x_wconf 92' lang='lat' dir='ltr'>et</span> <span class='ocrx_word' id='word_1_155' title='bbox 917 2711 1031 2807; x_wconf 89' lang='lat' dir='ltr'>primo</span> <span class='ocrx_word' id='word_1_156' title='bbox 1065 2721 1100 2782; x_wconf 91' lang='lat' dir='ltr'>et</span> <span class='ocrx_word' id='word_1_157' title='bbox 1132 2709 1287 2782; x_wconf 87' lang='lat' dir='ltr'>secundo</span> <span class='ocrx_word' id='word_1_158' title='bbox 1320 2735 1354 2806; x_wconf 93' lang='lat' dir='ltr'>p.</span> <span class='ocrx_word' id='word_1_159' title='bbox 1380 2709 1464 2782; x_wconf 86' lang='lat' dir='ltr'>Chr.</span> <span class='ocrx_word' id='word_1_160' title='bbox 1491 2735 1524 2779; x_wconf 93' lang='lat' dir='ltr'>n.</span> 
     </span>
     <span class='ocr_line' id='line_1_20' title="bbox 135 2831 1525 2934; baseline -0.003 -26"><span class='ocrx_word' id='word_1_161' title='bbox 135 2834 263 2908; x_wconf 75' lang='lat' dir='ltr'>saeculo</span> <span class='ocrx_word' id='word_1_162' title='bbox 292 2831 367 2907; x_wconf 77' lang='lat' dir='ltr'>brec</span> <span class='ocrx_word' id='word_1_163' title='bbox 399 2831 513 2905; x_wconf 87' lang='lat' dir='ltr'>studia</span> <span class='ocrx_word' id='word_1_164' title='bbox 538 2859 642 2934; x_wconf 89' lang='lat' dir='ltr'>quum</span> <span class='ocrx_word' id='word_1_165' title='bbox 676 2837 822 2907; x_wconf 81' lang='lat' dir='ltr'>maxime</span> <span class='ocrx_word' id='word_1_166' title='bbox 855 2833 1024 2907; x_wconf 86' lang='lat' dir='ltr'>floruisse.</span> <span class='ocrx_word' id='word_1_167' title='bbox 1073 2834 1123 2904; x_wconf 87' lang='lat' dir='ltr'>Ut</span> <span class='ocrx_word' id='word_1_168' title='bbox 1147 2835 1238 2905; x_wconf 89' lang='lat' dir='ltr'>enim</span> <span class='ocrx_word' id='word_1_169' title='bbox 1264 2833 1432 2924; x_wconf 77' lang='lat' dir='ltr'>omittam,</span> <span class='ocrx_word' id='word_1_170' title='bbox 1457 2835 1525 2904; x_wconf 87' lang='lat' dir='ltr'>iam</span> 
     </span>
    </p>

    <p class='ocr_par' dir='ltr' id='par_1_6' title="bbox 133 2931 1567 4176">
     <span class='ocr_line' id='line_1_21' title="bbox 133 2931 1567 3056; baseline -0.005 -21"><span class='ocrx_word' id='word_1_171' title='bbox 133 2960 292 3035; x_wconf 82' lang='lat' dir='ltr'>Ginoinm</span> <span class='ocrx_word' id='word_1_172' title='bbox 307 2958 520 3032; x_wconf 78' lang='lat' dir='ltr'>Alimentum</span> <span class='ocrx_word' id='word_1_173' title='bbox 542 2955 586 3032; x_wconf 89' lang='lat' dir='ltr'>de</span> <span class='ocrx_word' id='word_1_174' title='bbox 610 2955 725 3030; x_wconf 80' lang='lat' dir='ltr'>verbis</span> <span class='ocrx_word' id='word_1_175' title='bbox 750 2959 873 3056; x_wconf 89' lang='lat' dir='ltr'>priscis</span> <span class='ocrx_word' id='word_1_176' title='bbox 887 2959 1066 3056; x_wconf 78' lang='lat' dir='ltr'>scripsisse</span> <span class='ocrx_word' id='word_1_177' title='bbox 1092 2967 1127 3029; x_wconf 90' lang='lat' dir='ltr'>et</span> <span class='ocrx_word' id='word_1_178' title='bbox 1144 2949 1316 3029; x_wconf 65' lang='lat' dir='ltr'>[lucilium</span> <span class='ocrx_word' id='word_1_179' title='bbox 1335 2957 1370 3027; x_wconf 93' lang='lat' dir='ltr'>in</span> <span class='ocrx_word' id='word_1_180' title='bbox 1388 2955 1525 3029; x_wconf 86' lang='lat' dir='ltr'>Saturis</span> <span class='ocrx_word' id='word_1_181' title='bbox 1562 2931 1567 2948; x_wconf 44' lang='lat'>⁸</span> 
     </span>
     <span class='ocr_line' id='line_1_22' title="bbox 135 3080 1525 3186; baseline -0.004 -28"><span class='ocrx_word' id='word_1_182' title='bbox 135 3089 377 3186; x_wconf 72' lang='lat' dir='ltr'>grammatices</span> <span class='ocrx_word' id='word_1_183' title='bbox 408 3086 618 3184; x_wconf 77' lang='lat' dir='ltr'>questiones</span> <span class='ocrx_word' id='word_1_184' title='bbox 651 3087 830 3184; x_wconf 77' lang='lat' dir='ltr'>tetigisse,</span> <span class='ocrx_word' id='word_1_185' title='bbox 862 3083 981 3158; x_wconf 86' lang='lat' dir='ltr'>floruit</span> <span class='ocrx_word' id='word_1_186' title='bbox 1013 3081 1137 3156; x_wconf 88' lang='lat' dir='ltr'>eodem</span> <span class='ocrx_word' id='word_1_187' title='bbox 1161 3093 1319 3179; x_wconf 90' lang='lat' dir='ltr'>tempore</span> <span class='ocrx_word' id='word_1_188' title='bbox 1343 3080 1387 3152; x_wconf 80' lang='lat'>1..</span> <span class='ocrx_word' id='word_1_189' title='bbox 1407 3080 1525 3152; x_wconf 80' lang='lat' dir='ltr'>AElius</span> 
     </span>
     <span class='ocr_line' id='line_1_23' title="bbox 133 3197 1526 3310; baseline -0.004 -26"><span class='ocrx_word' id='word_1_190' title='bbox 133 3209 240 3302; x_wconf 82' lang='lat' dir='ltr'>Stilo,</span> <span class='ocrx_word' id='word_1_191' title='bbox 266 3197 526 3282; x_wconf 61' lang='lat' dir='ltr'>eruditissimus¹</span> <span class='ocrx_word' id='word_1_192' title='bbox 547 3223 584 3284; x_wconf 86' lang='lat' dir='ltr'>et</span> <span class='ocrx_word' id='word_1_193' title='bbox 607 3209 740 3285; x_wconf 74' lang='lat' dir='ltr'>Grecis</span> <span class='ocrx_word' id='word_1_194' title='bbox 770 3209 893 3284; x_wconf 87' lang='lat' dir='ltr'>litteris</span> <span class='ocrx_word' id='word_1_195' title='bbox 926 3221 962 3284; x_wconf 87' lang='lat' dir='ltr'>ct</span> <span class='ocrx_word' id='word_1_196' title='bbox 985 3212 1142 3302; x_wconf 78' lang='lat' dir='ltr'>Latinis,</span> <span class='ocrx_word' id='word_1_197' title='bbox 1177 3207 1281 3282; x_wconf 90' lang='lat' dir='ltr'>studii</span> <span class='ocrx_word' id='word_1_198' title='bbox 1313 3209 1526 3310; x_wconf 76' lang='lat' dir='ltr'>grammatici</span> 
     </span>
     <span class='ocr_line' id='line_1_24' title="bbox 136 3327 1525 3430; baseline -0.002 -26"><span class='ocrx_word' id='word_1_199' title='bbox 136 3355 235 3430; x_wconf 75' lang='lat' dir='ltr'>pene</span> <span class='ocrx_word' id='word_1_200' title='bbox 259 3333 423 3430; x_wconf 88' lang='lat' dir='ltr'>princeps</span> <span class='ocrx_word' id='word_1_201' title='bbox 449 3337 539 3406; x_wconf 88' lang='lat' dir='ltr'>inter</span> <span class='ocrx_word' id='word_1_202' title='bbox 560 3335 758 3425; x_wconf 80' lang='lat' dir='ltr'>Romanos,</span> <span class='ocrx_word' id='word_1_203' title='bbox 784 3334 846 3406; x_wconf 88' lang='lat' dir='ltr'>cfr.</span> <span class='ocrx_word' id='word_1_204' title='bbox 871 3333 945 3409; x_wconf 86' lang='lat' dir='ltr'>Gic.</span> <span class='ocrx_word' id='word_1_205' title='bbox 970 3333 1072 3406; x_wconf 85' lang='lat' dir='ltr'>Brut</span> <span class='ocrx_word' id='word_1_206' title='bbox 1096 3329 1161 3406; x_wconf 71' lang='lat'>56.</span> <span class='ocrx_word' id='word_1_207' title='bbox 1185 3332 1332 3406; x_wconf 84' lang='lat' dir='ltr'>Sueten.</span> <span class='ocrx_word' id='word_1_208' title='bbox 1353 3331 1473 3408; x_wconf 86' lang='lat' dir='ltr'>Grsm.</span> <span class='ocrx_word' id='word_1_209' title='bbox 1487 3327 1525 3402; x_wconf 78' lang='lat'>5.</span> 
     </span>
     <span class='ocr_line' id='line_1_25' title="bbox 136 3455 1526 3556; baseline 0 -28"><span class='ocrx_word' id='word_1_210' title='bbox 136 3457 233 3528; x_wconf 84' lang='lat' dir='ltr'>cuius</span> <span class='ocrx_word' id='word_1_211' title='bbox 255 3455 421 3554; x_wconf 77' lang='lat' dir='ltr'>frequens</span> <span class='ocrx_word' id='word_1_212' title='bbox 446 3456 540 3556; x_wconf 89' lang='lat' dir='ltr'>apnd</span> <span class='ocrx_word' id='word_1_213' title='bbox 563 3459 708 3531; x_wconf 77' lang='lat' dir='ltr'>Festum</span> <span class='ocrx_word' id='word_1_214' title='bbox 731 3459 772 3531; x_wconf 88' lang='lat' dir='ltr'>lit</span> <span class='ocrx_word' id='word_1_215' title='bbox 796 3461 935 3534; x_wconf 88' lang='lat' dir='ltr'>mentio.</span> <span class='ocrx_word' id='word_1_216' title='bbox 986 3457 1061 3532; x_wconf 85' lang='lat' dir='ltr'>Sed</span> <span class='ocrx_word' id='word_1_217' title='bbox 1085 3469 1189 3531; x_wconf 76' lang='lat' dir='ltr'>«etm</span> <span class='ocrx_word' id='word_1_218' title='bbox 1204 3457 1383 3532; x_wconf 81' lang='lat' dir='ltr'>Ciceronis</span> <span class='ocrx_word' id='word_1_219' title='bbox 1400 3455 1526 3529; x_wconf 90' lang='lat' dir='ltr'>doctri-</span> 
     </span>
     <span class='ocr_line' id='line_1_26' title="bbox 136 3579 1526 3684; baseline -0.001 -31"><span class='ocrx_word' id='word_1_220' title='bbox 136 3607 259 3653; x_wconf 89' lang='lat' dir='ltr'>nerum</span> <span class='ocrx_word' id='word_1_221' title='bbox 283 3579 541 3655; x_wconf 76' lang='lat' dir='ltr'>multiformium</span> <span class='ocrx_word' id='word_1_222' title='bbox 571 3586 813 3684; x_wconf 73' lang='lat' dir='ltr'>variarumque</span> <span class='ocrx_word' id='word_1_223' title='bbox 839 3589 974 3676; x_wconf 83' lang='lat' dir='ltr'>artium,</span> <span class='ocrx_word' id='word_1_224' title='bbox 1008 3584 1134 3684; x_wconf 90' lang='lat' dir='ltr'>quibus</span> <span class='ocrx_word' id='word_1_225' title='bbox 1168 3583 1360 3655; x_wconf 82' lang='lat' dir='ltr'>humanitus</span> <span class='ocrx_word' id='word_1_226' title='bbox 1393 3580 1526 3654; x_wconf 86' lang='lat' dir='ltr'>eruditu</span> 
     </span>
     <span class='ocr_line' id='line_1_27' title="bbox 137 3703 1525 3810; baseline -0.001 -32"><span class='ocrx_word' id='word_1_227' title='bbox 137 3717 203 3797; x_wconf 83' lang='lat' dir='ltr'>est,</span> <span class='ocrx_word' id='word_1_228' title='bbox 228 3705 399 3779; x_wconf 85' lang='lat' dir='ltr'>columine</span> <span class='ocrx_word' id='word_1_229' title='bbox 424 3707 545 3778; x_wconf 79' lang='lat' dir='ltr'>habuit</span> <span class='ocrx_word' id='word_1_230' title='bbox 569 3708 623 3784; x_wconf 78' lang='lat' dir='ltr'>M.</span> <span class='ocrx_word' id='word_1_231' title='bbox 655 3707 846 3784; x_wconf 83' lang='lat' dir='ltr'>Varronem</span> <span class='ocrx_word' id='word_1_232' title='bbox 870 3719 906 3782; x_wconf 90' lang='lat' dir='ltr'>et</span> <span class='ocrx_word' id='word_1_233' title='bbox 930 3709 977 3782; x_wconf 86' lang='lat' dir='ltr'>P.</span> <span class='ocrx_word' id='word_1_234' title='bbox 1003 3709 1212 3810; x_wconf 72' lang='lat' dir='ltr'>Niqidiuns‘</span> <span class='ocrx_word' id='word_1_235' title='bbox 1241 3708 1287 3778; x_wconf 77' lang='lat' dir='ltr'>A.</span> <span class='ocrx_word' id='word_1_236' title='bbox 1305 3703 1396 3780; x_wconf 83' lang='lat' dir='ltr'>Geli.</span> <span class='ocrx_word' id='word_1_237' title='bbox 1420 3705 1464 3776; x_wconf 87' lang='lat' dir='ltr'>N.</span> <span class='ocrx_word' id='word_1_238' title='bbox 1479 3707 1525 3776; x_wconf 78' lang='lat' dir='ltr'>A.</span> 
     </span>
     <span class='ocr_line' id='line_1_28' title="bbox 136 3813 1525 3931; baseline -0.001 -27"><span class='ocrx_word' id='word_1_239' title='bbox 136 3829 239 3920; x_wconf 80' lang='lat' dir='ltr'>xlv.</span> <span class='ocrx_word' id='word_1_240' title='bbox 270 3827 305 3904; x_wconf 89' lang='lat' dir='ltr'>l.</span> <span class='ocrx_word' id='word_1_241' title='bbox 353 3813 405 3904; x_wconf 75' lang='lat' dir='ltr'>Et</span> <span class='ocrx_word' id='word_1_242' title='bbox 428 3829 599 3904; x_wconf 79' lang='lat' dir='ltr'>Varronis</span> <span class='ocrx_word' id='word_1_243' title='bbox 631 3830 770 3931; x_wconf 86' lang='lat' dir='ltr'>quidem</span> <span class='ocrx_word' id='word_1_244' title='bbox 803 3843 1026 3907; x_wconf 85' lang='lat' dir='ltr'>monumenta</span> <span class='ocrx_word' id='word_1_245' title='bbox 1056 3831 1247 3905; x_wconf 83' lang='lat' dir='ltr'>litterarum</span> <span class='ocrx_word' id='word_1_246' title='bbox 1278 3834 1315 3903; x_wconf 93' lang='lat' dir='ltr'>in</span> <span class='ocrx_word' id='word_1_247' title='bbox 1339 3827 1525 3930; x_wconf 78' lang='lat' dir='ltr'>propatulo</span> 
     </span>
     <span class='ocr_line' id='line_1_29' title="bbox 136 3954 1526 4057; baseline -0.002 -30"><span class='ocrx_word' id='word_1_248' title='bbox 136 3955 381 4055; x_wconf 81' lang='lat' dir='ltr'>frequentique</span> <span class='ocrx_word' id='word_1_249' title='bbox 405 3979 470 4027; x_wconf 88' lang='lat' dir='ltr'>nsn</span> <span class='ocrx_word' id='word_1_250' title='bbox 495 3954 714 4051; x_wconf 71' lang='lat' dir='ltr'>ferebantur,</span> <span class='ocrx_word' id='word_1_251' title='bbox 738 3955 932 4057; x_wconf 73' lang='lat' dir='ltr'>Nigidianae</span> <span class='ocrx_word' id='word_1_252' title='bbox 957 3967 1073 4029; x_wconf 87' lang='lat' dir='ltr'>autem</span> <span class='ocrx_word' id='word_1_253' title='bbox 1085 3955 1416 4042; x_wconf 80' lang='lat' dir='ltr'>Commentationes,</span> <span class='ocrx_word' id='word_1_254' title='bbox 1441 3977 1526 4050; x_wconf 86' lang='lat' dir='ltr'>qua·</span> 
     </span>
     <span class='ocr_line' id='line_1_30' title="bbox 135 4071 1526 4176; baseline -0.006 -23"><span class='ocrx_word' id='word_1_255' title='bbox 135 4105 214 4154; x_wconf 92' lang='lat' dir='ltr'>rum</span> <span class='ocrx_word' id='word_1_256' title='bbox 247 4081 337 4156; x_wconf 89' lang='lat' dir='ltr'>liber</span> <span class='ocrx_word' id='word_1_257' title='bbox 368 4082 653 4156; x_wconf 86' lang='lat' dir='ltr'>undetricesimus</span> <span class='ocrx_word' id='word_1_258' title='bbox 685 4081 865 4175; x_wconf 77' lang='lat' dir='ltr'>laudatur,</span> <span class='ocrx_word' id='word_1_259' title='bbox 900 4082 994 4158; x_wconf 82' lang='lat' dir='ltr'>Gell.</span> <span class='ocrx_word' id='word_1_260' title='bbox 1017 4082 1066 4154; x_wconf 83' lang='lat' dir='ltr'>X.</span> <span class='ocrx_word' id='word_1_261' title='bbox 1090 4079 1130 4172; x_wconf 75' lang='lat'>5,</span> <span class='ocrx_word' id='word_1_262' title='bbox 1154 4077 1190 4153; x_wconf 87' lang='lat' dir='ltr'>l.</span> <span class='ocrx_word' id='word_1_263' title='bbox 1221 4105 1293 4152; x_wconf 93' lang='lat' dir='ltr'>non</span> <span class='ocrx_word' id='word_1_264' title='bbox 1323 4071 1466 4176; x_wconf 82' lang='lat' dir='ltr'>perinde</span> <span class='ocrx_word' id='word_1_265' title='bbox 1489 4077 1526 4146; x_wconf 86' lang='lat' dir='ltr'>in</span> 
     </span>
    </p>
   </div>
   <div class='ocr_carea' id='block_1_5' title="bbox 137 4205 1528 4421">
    <p class='ocr_par' dir='ltr' id='par_1_7' title="bbox 137 4205 1528 4421">
     <span class='ocr_line' id='line_1_31' title="bbox 137 4205 1526 4306; baseline -0.006 -28"><span class='ocrx_word' id='word_1_266' title='bbox 137 4205 264 4306; x_wconf 75' lang='lat' dir='ltr'>uulgus</span> <span class='ocrx_word' id='word_1_267' title='bbox 288 4208 447 4280; x_wconf 80' lang='lat' dir='ltr'>exierunt</span> <span class='ocrx_word' id='word_1_268' title='bbox 475 4217 512 4281; x_wconf 88' lang='lat' dir='ltr'>et</span> <span class='ocrx_word' id='word_1_269' title='bbox 545 4205 742 4280; x_wconf 85' lang='lat' dir='ltr'>obscuritas·</span> <span class='ocrx_word' id='word_1_270' title='bbox 770 4205 1012 4306; x_wconf 80' lang='lat' dir='ltr'>subtilitasque</span> <span class='ocrx_word' id='word_1_271' title='bbox 1038 4231 1179 4296; x_wconf 87' lang='lat' dir='ltr'>earum,</span> <span class='ocrx_word' id='word_1_272' title='bbox 1216 4216 1381 4302; x_wconf 77' lang='lat' dir='ltr'>tunquam</span> <span class='ocrx_word' id='word_1_273' title='bbox 1403 4223 1526 4297; x_wconf 85' lang='lat' dir='ltr'>parum</span> 
     </span>
     <span class='ocr_line' id='line_1_32' title="bbox 139 4325 1528 4421; baseline -0.003 -21"><span class='ocrx_word' id='word_1_274' title='bbox 139 4326 244 4420; x_wconf 85' lang='lat' dir='ltr'>utilis,</span> <span class='ocrx_word' id='word_1_275' title='bbox 269 4325 433 4401; x_wconf 85' lang='lat' dir='ltr'>derelicto</span> <span class='ocrx_word' id='word_1_276' title='bbox 457 4339 520 4402; x_wconf 87' lang='lat' dir='ltr'>est</span> <span class='ocrx_word' id='word_1_277' title='bbox 560 4329 652 4404; x_wconf 84' lang='lat' dir='ltr'>Gell.</span> <span class='ocrx_word' id='word_1_278' title='bbox 675 4327 758 4400; x_wconf 89' lang='lat' dir='ltr'>ibid.</span> <span class='ocrx_word' id='word_1_279' title='bbox 781 4329 887 4402; x_wconf 86' lang='lat' dir='ltr'>XIX.</span> <span class='ocrx_word' id='word_1_280' title='bbox 914 4325 979 4421; x_wconf 75' lang='lat' dir='ltr'>ld,</span> <span class='ocrx_word' id='word_1_281' title='bbox 1003 4327 1040 4400; x_wconf 77' lang='lat'>5.</span> <span class='ocrx_word' id='word_1_282' title='bbox 1088 4327 1318 4402; x_wconf 85' lang='lat' dir='ltr'>Nihilominus</span> <span class='ocrx_word' id='word_1_283' title='bbox 1340 4334 1457 4398; x_wconf 89' lang='lat' dir='ltr'>tamen</span> <span class='ocrx_word' id='word_1_284' title='bbox 1483 4349 1528 4396; x_wconf 85' lang='lat' dir='ltr'>ex</span> 
     </span>
    </p>
   </div>
   <div class='ocr_carea' id='block_1_6' title="bbox 138 4449 1527 4674">
    <p class='ocr_par' dir='ltr' id='par_1_8' title="bbox 138 4449 1527 4674">
     <span class='ocr_line' id='line_1_33' title="bbox 140 4449 1527 4564; baseline -0.003 -44"><span class='ocrx_word' id='word_1_285' title='bbox 140 4451 214 4521; x_wconf 89' lang='lat' dir='ltr'>eius</span> <span class='ocrx_word' id='word_1_286' title='bbox 237 4477 379 4551; x_wconf 85' lang='lat' dir='ltr'>quoquc</span> <span class='ocrx_word' id='word_1_287' title='bbox 404 4449 501 4564; x_wconf 86' lang='lat' dir='ltr'>libris</span> <span class='ocrx_word' id='word_1_288' title='bbox 526 4451 631 4524; x_wconf 86' lang='lat' dir='ltr'>mults</span> <span class='ocrx_word' id='word_1_289' title='bbox 656 4477 677 4523; x_wconf 84' lang='lat' dir='ltr'>s</span> <span class='ocrx_word' id='word_1_290' title='bbox 705 4451 954 4547; x_wconf 87' lang='lat' dir='ltr'>posterioribus</span> <span class='ocrx_word' id='word_1_291' title='bbox 979 4454 1016 4523; x_wconf 93' lang='lat' dir='ltr'>in</span> <span class='ocrx_word' id='word_1_292' title='bbox 1040 4479 1140 4524; x_wconf 88' lang='lat' dir='ltr'>nsum</span> <span class='ocrx_word' id='word_1_293' title='bbox 1167 4451 1272 4521; x_wconf 90' lang='lat' dir='ltr'>fuisse</span> <span class='ocrx_word' id='word_1_294' title='bbox 1297 4473 1465 4521; x_wconf 86' lang='lat' dir='ltr'>conversa</span> <span class='ocrx_word' id='word_1_295' title='bbox 1492 4456 1527 4517; x_wconf 90' lang='lat' dir='ltr'>et</span> 
     </span>
     <span class='ocr_line' id='line_1_34' title="bbox 138 4569 1526 4674; baseline -0.011 -19"><span class='ocrx_word' id='word_1_296' title='bbox 138 4599 203 4674; x_wconf 82' lang='lat' dir='ltr'>ptr</span> <span class='ocrx_word' id='word_1_297' title='bbox 228 4601 265 4650; x_wconf 80' lang='lat' dir='ltr'>sc</span> <span class='ocrx_word' id='word_1_298' title='bbox 288 4575 469 4672; x_wconf 87' lang='lat' dir='ltr'>probabile</span> <span class='ocrx_word' id='word_1_299' title='bbox 487 4587 540 4650; x_wconf 88' lang='lat' dir='ltr'>est</span> <span class='ocrx_word' id='word_1_300' title='bbox 567 4589 601 4653; x_wconf 89' lang='lat' dir='ltr'>et</span> <span class='ocrx_word' id='word_1_301' title='bbox 626 4579 697 4650; x_wconf 89' lang='lat' dir='ltr'>suis</span> <span class='ocrx_word' id='word_1_302' title='bbox 714 4577 821 4674; x_wconf 89' lang='lat' dir='ltr'>ipsius</span> <span class='ocrx_word' id='word_1_303' title='bbox 837 4581 1041 4653; x_wconf 88' lang='lat' dir='ltr'>testimoniis</span> <span class='ocrx_word' id='word_1_304' title='bbox 1059 4577 1104 4648; x_wconf 76' lang='lat' dir='ltr'>A.</span> <span class='ocrx_word' id='word_1_305' title='bbox 1128 4571 1263 4649; x_wconf 84' lang='lat' dir='ltr'>Gellius</span> <span class='ocrx_word' id='word_1_306' title='bbox 1279 4569 1526 4669; x_wconf 86' lang='lat' dir='ltr'>comprobarit.</span> 
     </span>
    </p>
   </div>
   <div class='ocr_carea' id='block_1_7' title="bbox 0 0 1850 5250">
    <p class='ocr_par' dir='ltr' id='par_1_9' title="bbox 0 0 1850 5250">
     <span class='ocr_line' id='line_1_35' title="bbox 0 0 1850 5250; baseline 0 0"><span class='ocrx_word' id='word_1_307' title='bbox 0 0 1850 5250; x_wconf 95' lang='lat' dir='ltr'> </span> 
     </span>
    </p>
   </div>
  </div>
 </body>
</html>
