3674 5250
327 403 398 454 m

326 575 448 639 sudor
472 565 549 656 luit,
573 587 722 662 eumque
746 562 958 660 posteriores
983 561 1102 632 imitati
1125 531 1215 632 suut
1264 559 1388 656 Neque
1404 557 1586 632 videbatur
1605 581 1709 632 ceusu

326 715 403 772 esse
426 687 567 778 idonea,
590 712 652 760 cur
677 711 741 758 nos
765 683 812 756 ab
837 711 880 758 eo
905 686 1063 756 instituto
1087 681 1337 758 recederemus.
1423 709 1431 727 ·

246 787 250 798 ¹
429 809 576 908 Quippe
599 812 779 908 antiquum
803 811 1008 907 scriptorem
1031 781 1254 906 Fulgentidm
1279 829 1368 900 esse,
1392 815 1578 906 postquem
1603 805 1709 897 homo

325 932 544 1006 doctissimus
575 931 728 1006 Orellius
762 931 1010 1010 dubitationem
1042 957 1139 1003 suem
1168 930 1319 1005 fortasse
1342 929 1485 1004 calidius
1509 925 1569 1026 (sd
1595 933 1711 1004 'ludu'

327 1055 517 1156 Dialogum
539 1085 574 1156 p.
592 1051 644 1152 ὅ.)
682 1060 898 1164 propositam
927 1055 1127 1128 retractavit
1159 1056 1194 1125 in
1216 1055 1325 1144 ,lieet
1347 1053 1494 1128 Petrum
1520 1083 1554 1154 p.
1573 1055 1620 1150 5,
1652 1057 1713 1126 vix

327 1205 535 1280 quemqrmm
570 1180 672 1255 hodie
706 1207 837 1282 negare
872 1181 1041 1254 existimo.
1101 1177 1210 1276 Legit
1244 1175 1334 1255 huuc
1367 1177 1633 1276 Expositiouem
1668 1203 1713 1252 so

327 1302 473 1401 plurima
504 1306 584 1380 iude
616 1309 652 1378 in
686 1333 785 1380 suum
814 1303 1074 1404 Polpptpohum
1107 1301 1277 1376 derivavit
1298 1303 1387 1376 Atto
1414 1305 1598 1400 episcopus
1622 1303 1712 1375 Ver-

288 1409 294 1424 *
327 1427 498 1522 cellensis,
523 1433 659 1502 circiter
682 1455 713 1499 u.
739 1425 831 1500 950.
882 1425 1043 1502 Clamant
1068 1427 1175 1524 qussi·
1190 1427 1274 1523 ipses
1297 1421 1523 1516 membreuae,
1554 1449 1712 1523 conpen-
1751 1401 1761 1416 ’

327 1564 443 1628 torum
474 1579 643 1626 unuorum
676 1563 812 1626 estatem
840 1551 1075 1649 proferentes
1138 1549 1301 1648 Denique
1336 1545 1495 1620 nonnulli
1528 1550 1712 1646 ignorem

327 1676 499 1770 videntur,
524 1677 676 1752 eiusdem
700 1675 876 1776 Fulgentii
909 1699 986 1748 esse
1017 1684 1090 1748 tres
1113 1671 1191 1747 illus
1215 1671 1513 1772 Mpthclugierum
1544 1669 1652 1744 libros
1678 1683 1714 1746 ot

327 1799 555 1898 Vergilianum
580 1801 846 1876 continentiam.
895 1799 939 1870 ln
965 1795 1091 1895 quihus
1113 1795 1204 1872 idem
1236 1797 1411 1870 invenient
1435 1791 1595 1892 legentes
1616 1795 1713 1892 inge·

328 1923 423 1996 nium
446 1923 609 2016 hominis,
622 1921 770 1998 eandem
791 1921 1048 2022 affectationem
1073 1917 1236 1992 dochino
1260 1915 1436 1990 cuiusdam
1460 1913 1646 1990 recondite
1671 1941 1714 1990 ec

132 2137 135 2151 Ι
276 2044 280 2054 ’
327 2043 573 2140 tenebricoso,
598 2047 743 2124 eundem
769 2043 904 2118 dicendi
929 2043 1229 2130 consuetudinem,
1256 2039 1432 2116 horr-idum
1456 2039 1596 2140 quidem
1619 2041 1714 2116 illam

329 2177 366 2240 et
390 2175 592 2266 operosam,
627 2169 690 2244 sed
720 2169 787 2244 illis
819 2167 1033 2268 temporibus
1069 2193 1283 2241 communem
1313 2191 1378 2240 nec
1411 2163 1608 2240 dissimilem
1642 2166 1714 2240 elu-

330 2294 479 2389 queutr'ee
504 2303 564 2365 out
586 2293 756 2370 lllnrciuni
781 2291 934 2390 Capellae
959 2302 1019 2364 uut
1042 2291 1195 2366 Boethii.
1242 2293 1354 2390 Atqui
1371 2287 1549 2388 Fulgentii
1573 2290 1714 2388 diptho-

327 2411 442 2512 logies
464 2413 626 2514 legerunt
650 2414 912 2490 commentator
936 2413 1083 2490 Cereris
1110 2411 1320 2504 Germanici,
1351 2414 1411 2510 qui
1436 2424 1517 2488 aute
1541 2412 1713 2488 [sidorum

328 2539 486 2636 scripsit,
518 2541 600 2614 item
626 2539 732 2616 Statii
753 2538 962 2628 schemen,
996 2562 1041 2611 ne
1074 2535 1185 2610 dicam
1218 2533 1262 2608 de
1293 2533 1442 2608 Albrico
1465 2535 1713 2634 Vaticanieque

331 2661 606 2765 mythoprsplris.
1818 2677 1819 2688 ¹

441 2786 529 2879 Quae
553 2792 702 2867 sirecte
727 2791 817 2868 diota
841 2803 936 2885 sunt,
959 2788 1108 2864 dubitari
1131 2789 1190 2860 vix
1212 2788 1354 2885 poterit,
1379 2787 1463 2885 quin
1488 2783 1713 2885 ellulpentio

328 2913 358 2982 is
383 2909 520 2984 libellus
553 2917 701 3010 scriptus
733 2917 778 2986 eit
810 2915 945 2986 circiter
975 2939 1007 2984 a.
1032 2908 1124 2984 500.
1172 2908 1247 2983 Sed
1273 2919 1375 2982 erunt
1405 2910 1621 3000 etiamnunc,
1653 2910 1713 3006 qui

331 3057 409 3104 cum
433 3013 626 3106 Munclrero
652 3045 689 3108 et
703 3034 913 3108 Ruhnkenio
937 3059 1016 3108 eum
1038 3030 1172 3104 sutilem
1196 3041 1232 3104 et
1254 3029 1380 3102 nullius
1399 3030 1486 3106 ,fidei
1509 3035 1714 3131 scriptorem

329 3153 539 3230 iudicabunt.
600 3157 734 3232 liorem
767 3185 909 3259 qnoque
945 3157 1106 3230 indicium
1139 3158 1169 3228 si
1198 3183 1270 3230 non
1304 3183 1450 3256 prorsus
1480 3157 1714 3251 reiicieudum,

329 3289 425 3352 certe
449 3265 548 3354 caute
572 3283 787 3381 sequendum
810 3282 949 3358 suedeo.
998 3283 1089 3354 Num
1113 3279 1208 3380 quod
1233 3283 1365 3355 crimini
1396 3283 1480 3356 dunt
1511 3281 1714 3358 Grmcorum

329 3404 538 3500 scriptorum
573 3407 767 3480 testimonis
802 3407 937 3479 Latinis
974 3404 1089 3479 verbis
1129 3406 1277 3502 scripta,
1320 3403 1356 3476 id
1390 3407 1466 3503 ipse
1506 3404 1714 3504 Fulgentius

330 3553 365 3623 p.
390 3522 485 3620 562,
497 3525 534 3600 6.
559 3534 735 3604 emusuvit
758 3542 795 3605 et
818 3533 1078 3630 patrocinentur
1102 3529 1172 3620 alii,
1198 3527 1320 3604 eodem
1345 3555 1442 3604 more
1466 3531 1536 3622 nsi,
1561 3538 1601 3600 ut
1614 3530 1715 3604 Ruti·

330 3647 398 3720 lius
423 3649 547 3749 Lupus
570 3651 701 3728 rhetor.
750 3655 845 3726 'l'um
869 3652 965 3753 quod
990 3651 1204 3752 exprobrant
1235 3649 1330 3725 haud
1359 3679 1491 3752 punem
1517 3677 1654 3726 emeres
1678 3655 1715 3726 in

220 3865 225 3878 ,
324 3771 542 3872 ,explicandis
563 3778 715 3875 ¹antiquie
739 3776 955 3850 sermonibus
978 3773 1238 3873 reserendieque
1271 3776 1478 3874 scriptorum
1509 3774 1625 3850 verbis
1654 3775 1716 3848 ud·

329 3897 474 3990 mesos,
507 3897 729 3999 Fulgentium
761 3925 834 3974 nou
857 3925 950 4000 nego
975 3899 1179 3998 plerumque
1214 3901 1288 3973 iure
1324 3898 1499 3997 repulere.
1554 3899 1715 4000 Namque

329 4017 458 4096 bonam
482 4021 642 4096 vitiorum
668 4035 802 4124 purtem
825 4034 966 4122 poteret
988 4025 1134 4095 vitasset
1158 4023 1323 4096 Plautius
1343 4025 1537 4098 testimonie
1564 4023 1716 4098 debebat

330 4147 457 4220 rectius
482 4173 525 4220 ec
548 4145 592 4222 de
616 4149 658 4220 iis
683 4145 822 4247 quidem
846 4143 986 4238 sabulis,
1010 4142 1069 4216 ubi
1093 4171 1132 4220 re
1155 4173 1239 4221 vere
1265 4156 1421 4238 exstant,
1453 4145 1613 4242 leudere3
1645 4147 1720 4241 Coff

330 4265 526 4366 rullerium,
560 4297 637 4370 que
670 4279 724 4343 eet
755 4269 866 4343 vaii
895 4265 1015 4340 fabule
1047 4268 1139 4369 apud
1173 4269 1390 4362 Varronem,
1423 4270 1512 4345 melo
1544 4271 1716 4348 Varronis

331 4386 437 4483 dine,
465 4395 500 4465 in
525 4395 697 4469 Marciani
720 4393 872 4492 Capellae
897 4394 977 4468 luco
1003 4393 1197 4471 Minervam
1229 4419 1295 4492 pro
1319 4396 1495 4470 Mercurio
1522 4399 1606 4470 sutis
1629 4395 1716 4470 indi·

328 4511 480 4614 ligenter
503 4515 697 4608 substent,
730 4543 795 4614 pro
821 4515 987 4616 Phitppo
1021 4519 1147 4592 dixisse
1172 4517 1444 4592 Demosthenem
1476 4523 1603 4594 nemini
1627 4547 1715 4620 prse-
