3674 5250
1400 453 1485 522 ΙΨ

103 614 198 678 terea
223 606 258 676 in
282 615 432 678 mentem
457 607 561 690 veuit
595 603 765 704 Agnosco
779 601 946 676 stammam
965 601 1112 675 bominis
1128 599 1305 697 incuriam,
1326 606 1486 686 videlieet

2 821 3 824 Ἴ
102 735 139 804 io
164 739 327 832 pembroc
352 732 533 807 memmiae
565 730 703 805 enatem
738 729 923 827 subropnrc
949 730 1060 822 pontit
1079 725 1271 800 scribentis.
1318 733 1370 804 At
1394 737 1485 807 enirn

102 879 187 926 vero
212 852 295 928 dolo
319 853 411 928 malo
431 853 637 927 edulinxisse
654 849 838 944 vocabule,
861 849 983 942 libros,
1007 833 1208 948 scriptores,
1231 855 1390 929 nimirum
1411 883 1487 934 em.

104 977 241 1074 ditionis
267 976 480 1052 mtemmdae
515 979 645 1076 grafia,
679 978 752 1049 inre
786 974 937 1074 quodam
971 1000 1050 1048 meo
1080 971 1163 1045 mibi
1197 973 1315 1051 videor
1346 1006 1509 1098 negare„

103 1101 216 1176 lllnltn
241 1103 429 1201 reperient,
452 1127 599 1199 quarm
623 1100 660 1171 id
675 1101 831 1191 interest,
857 1095 1026 1171 vocabula
1042 1096 1214 1195 explicata
1228 1101 1352 1176 eodem
1369 1106 1487 1200 modo,

104 1225 281 1326 quomodo
306 1225 513 1324 Fulgentius
538 1223 741 1322 explicavit,
765 1225 800 1293 in
825 1221 1015 1322 glossariis,
1039 1223 1228 1318 presertim
1252 1225 1378 1301 Isidori
1401 1255 1433 1302 v.
1459 1257 1489 1304 c.
1608 1277 1613 1286 ·

104 1350 261 1450 clopium,
286 1351 417 1439 domo,
441 1357 581 1438 mmm,
606 1346 807 1443 simpulator
832 1339 891 1437 (de
915 1371 948 1416 v.
974 1345 1161 1416 mamm
1192 1345 1260 1417 rid.
1284 1349 1379 1450 Aug.
1404 1351 1489 1426 Mai.

104 1473 208 1547 Nova
233 1473 323 1547 (loll.
347 1483 372 1544 ί.
397 1471 440 1546 V.
464 1499 512 1570 p„
525 1469 614 1544 122.
638 1471 810 1542 blneator.
834 1469 919 1543 Iler.
945 1468 1024 1540 ltol.
1049 1465 1178 1566 Script.
1201 1471 1306 1542 th.
1328 1499 1363 1572 p.
1376 1471 1428 1547 77
1444 1469 1489 1570 a.)

105 1595 294 1670 Librorum
327 1595 465 1695 quidam
497 1592 587 1667 tituli
619 1592 856 1692 superioribus
892 1595 1047 1692 suspecti
1079 1596 1147 1666 iam
1181 1597 1373 1671 confirmati
1409 1612 1490 1674 sunt

106 1718 332 1818 scriptoribus
355 1745 477 1794 recem
502 1719 669 1810 inventis,
702 1719 804 1790 sicuti
835 1705 954 1788 Plauti
987 1716 1163 1791 (lacistum
1196 1719 1299 1794 bodie
1333 1727 1490 1798 novimus

108 1842 253 1916 cundem
276 1843 429 1915 sabulum
454 1869 530 1916 esse
555 1853 661 1940 atque
684 1839 918 1932 Vidnlnrinm3
948 1841 1095 1940 Tagetis
1119 1841 1368 1944 Labeonisque
1393 1847 1491 1922 disci-

107 1966 236 2066 plinam
260 1967 447 2039 Etruscum
471 1977 507 2038 ct
529 1965 650 2036 Numae
673 1948 838 2061 Pompilii
861 1962 1083 2060 pontificalia,
1104 1964 1284 2066 inquibus
1310 1978 1493 2069 tantopere

109 2089 253 2166 offendit
274 2077 517 2178 neomenias,
542 2089 640 2161 novit
663 2089 765 2162 ctiam
784 2087 994 2160 Laurentius
1011 2085 1144 2186 Lydus.
1193 2091 1251 2163 Ex
1266 2092 1320 2166 bis
1337 2092 1494 2191 efficitur,

108 2227 147 2288 nt
171 2217 274 2289 etiam
299 2213 343 2288 de
366 2213 421 2286 bis
445 2213 565 2306 titulis,
590 2215 650 2312 qui
674 2210 768 2309 apud
790 2210 902 2284 solum
927 2209 1151 2312 Fulgentium
1175 2209 1328 2309 exstant,¹
1351 2243 1494 2318 scrupu-

109 2339 216 2413 losius
241 2337 391 2410 dubitari
416 2336 553 2411 debeat.
601 2338 651 2410 Ut
675 2335 834 2434 exemplo
858 2347 955 2408 ntur:
980 2336 1025 2411 dc
1049 2337 1139 2411 Fato
1172 2339 1262 2414 liber
1288 2343 1495 2418 Tertulliani

111 2473 165 2536 est
189 2462 348 2536 omnibus
374 2459 512 2562 quidem
536 2466 690 2563 ignotus,
715 2460 830 2534 sedis
856 2465 915 2562 qni
939 2463 1083 2536 Minucii
1108 2461 1234 2537 Felicis
1266 2471 1406 2542 nomine
1433 2473 1496 2542 cir·
1627 2441 1630 2450 Ι

2 2608 3 2611 ’
114 2584 379 2676 conterebatur,
404 2609 481 2656 cum
506 2587 741 2684 Hieronymus
765 2583 861 2658 molit
885 2581 930 2656 ab
951 2584 1018 2657 alio
1034 2587 1199 2682 scriptum
1217 2599 1353 2687 putere,
1379 2593 1497 2690 quidni

116 2704 302 2778 nonnullos
335 2706 554 2780 Tertulliano
584 2706 745 2780 tribuisse
779 2708 1017 2805 suspicemur?
1078 2708 1305 2808 Quapropter
1340 2718 1496 2812 quamvis

116 2827 224 2900 multa
255 2829 360 2900 insint
392 2829 428 2900 in
452 2826 684 2928 Fulgentiano
717 2827 835 2902 libello
863 2838 1093 2928 properanter
1126 2853 1168 2904 ac
1196 2833 1334 2906 sinistre
1356 2837 1498 2934 scripta,

116 2967 211 3028 certe
237 2979 299 3027 cur
321 2953 452 3026 fraudis
478 2964 561 3027 notu
583 2956 752 3048 inuratur,
773 2953 887 3028 lateor
912 2981 967 3028 me
993 2981 1064 3028 non
1088 2953 1216 3029 videre.

216 3077 379 3154 Ceterum
402 3079 445 3154 de
470 3079 647 3180 Fulgentii
671 3083 822 3173 nomine,
847 3091 960 3173 aetate,
985 3081 1121 3179 scriptis
1146 3084 1309 3180 qnoniam
1334 3083 1501 3163 Monole-

116 3229 177 3275 rus
201 3207 285 3276 satis
308 3201 494 3302 diligenter
515 3204 695 3294 discernit,
727 3214 886 3302 superest
918 3215 958 3276 nt
983 3203 1027 3278 de
1050 3203 1151 3278 buius
1175 3204 1334 3280 editionis
1359 3213 1502 3286 consilio

118 3339 155 3400 at
178 3326 339 3400 subsidiis
364 3351 476 3426 pnncn
501 3325 662 3398 dicamus.

216 3448 482 3546 Expositionem
506 3473 705 3523 sermonum
730 3453 971 3549 antiquorum,
1006 3460 1191 3548 antequam
1222 3463 1298 3526 tota
1323 3455 1414 3529 edita
1438 3471 1503 3554 est,

120 3577 156 3644 in
192 3569 346 3644 membra
381 3571 562 3646 discedam
594 3574 759 3646 luninnns
795 3576 909 3650 Maius
944 3576 1083 3671 corpori
1117 3597 1181 3647 sno
1219 3579 1276 3650 Be
1310 3583 1502 3676 priscorum

120 3697 334 3796 proprietate
360 3694 544 3770 verborum
569 3701 734 3790 inseruit,
774 3700 833 3796 qni
864 3696 953 3770 liber
985 3696 1113 3796 prodiit
1148 3699 1298 3772 Tarvisii
1329 3729 1359 3774 a.
1378 3691 1503 3778 7477.

120 3822 293 3918 Pn'nceps
329 3817 434 3892 editio
465 3819 632 3916 impressa
666 3831 720 3894 est
745 3819 935 3894 Mediolani
958 3821 1051 3920 typis
1074 3819 1227 3894 Ulderici
1252 3823 1504 3921 Stinaenzeler,

121 3971 205 4018 cura
229 3945 282 4018 lo.
307 3943 412 4040 Rape
437 3942 493 4015 Pii
528 3943 761 4018 Bononiensis
770 3985 788 4035 ‚·
816 3929 876 4044 qui
909 3943 1205 4044 Mytbologinrum
1242 3947 1393 4035 eiusdem
1422 3949 1506 4022 Ful-

124 4069 232 4168 pentii
262 4066 374 4140 tribus
406 4065 503 4138 libris
539 4066 608 4140 boc
638 4077 813 4166 tamquam
846 4067 1063 4141 corollarium
1098 4067 1243 4160 addidit,
1279 4097 1370 4144 anno
1397 4069 1504 4148 ldllss

124 4184 228 4282 (male
252 4189 465 4262 Monoleum
489 4189 630 4262 tradidit
651 4187 779 4282 mlh
805 4217 876 4289 qno
901 4213 992 4262 anno
1018 4191 1078 4288 qui
1094 4193 1264 4289 potuisset
1278 4195 1364 4265 Pius
1380 4193 1506 4274 librum

126 4313 309 4385 Tritbcmii
340 4313 481 4388 laudare
517 4341 549 4388 a.
570 4311 683 4388 ‘ldlld
714 4308 890 4409 etlltnml).
938 4315 1065 4389 Statim
1098 4320 1293 4416 repetivit,'
1311 4345 1402 4393 anno
1435 4349 1507 4397 non

128 4433 257 4530 addito,
282 4437 439 4510 venetiis
464 4438 703 4512 Bernardinns
727 4437 884 4512 Venetus
920 4439 963 4513 de
994 4439 1187 4532 vitalibus,
1220 4443 1315 4513 culus
1350 4425 1536 4519 editionis

127 4557 378 4659 bibliograpbis
404 4563 531 4658 ignote
558 4559 734 4658 exemplar
759 4572 874 4633 servat
889 4561 1098 4637 bibliotheca
1114 4562 1312 4636 Beruensis.
1344 4565 1510 4640 Eiusdem
