3674 5250
6 643 8 650 ,
125 605 202 666 ssa.
223 602 338 666 hlunh
357 600 528 670 desturbatis
539 599 711 676 Atellania,
730 600 827 684 hips..
841 601 942 664 1810.

123 709 170 772 Μ.
189 709 229 771 A.
249 709 424 776 muratas
444 710 534 774 varias
554 707 714 784 lectiones,
733 711 818 792 apud
836 709 959 774 Gruter.
981 711 1086 794 Lamp.
1108 722 1140 774 ι’
1152 714 1195 776 11.

124 820 150 882 l.
171 819 213 881 ll.
233 818 430 882 Neuhireh
449 819 488 880 de
508 817 612 880 iahula
625 825 737 898 togata
757 819 975 894 Romanorum,
995 821 1080 905 hipa.
1105 821 1208 886 1888.

123 927 185 988 lac.
206 923 397 988 Nicolaus
423 925 553 988 lacensis
578 927 839 990 miscellaneorum
865 927 1089 1012 epiphpllidum
1115 931 1258 1007 libr-ill,
1287 935 1370 1017 apud
1391 935 1511 1001 Gruter.

205 1034 312 1116 Lamp.
333 1041 355 1094 ι
376 1033 414 1096 V.

124 1141 149 1202 l.
171 1137 207 1200 0.
227 1138 355 1202 Orelli
375 1139 596 1203 ad.'Gicerouis
616 1141 804 1222 hagmeuta,
817 1141 926 1203 Turiei
948 1140 1049 1206 1808.
1076 1187 1078 1192 .

124 1247 209 1308 Frid.
231 1246 365 1308 Osann
385 1245 521 1310 analecta
542 1249 659 1322 critica,
679 1249 785 1312 Berol.
808 1247 909 1311 1818.

124 1353 189 1414 lau.
210 1352 308 1414 stall..
319 1352 534 1416 Palmeuius
554 1353 758 1435 spicilegium,
777 1353 919 1416 Francus.
943 1353 1044 1417 1880.

124 1459 190 1520 lau.
210 1459 464 1521 Passeratius
485 1459 567 1541 apud
586 1458 684 1522 llere.
708 1459 739 1519 1.

124 1563 222 1625 Andr.
235 1563 446 1625 Patricius
467 1565 507 1626 ad
528 1564 689 1625 Ciceronis
708 1565 886 1648 fragmepta,
909 1563 985 1626 Veu.
1010 1531 1110 1626 1888.

125 1667 193 1729 Nic.
213 1668 403 1736 Perottus
423 1689 520 1731 cornu
541 1669 647 1750 copies,
667 1675 765 1749 repet.
786 1667 857 1728 Bas.
879 1665 981 1730 1808.
1002 1670 1055 1731 rol.

125 1774 210 1838 Petr.
231 1775 402 1838 Pithoeus
423 1777 595 1838 adversaria
617 1775 786 1850 subseciva,
807 1776 889 1857 apud
910 1776 1033 1839 Gruter.
1054 1775 1159 1860 Lamp.
1180 1785 1203 1837 ι.
1223 1777 1265 1838 ll.

125 1882 224 1943 lleur.
244 1882 395 1944 Plaueh
414 1883 454 1944 ad
473 1882 567 1944 Euuii
586 1867 742 1958 lledcam,
762 1881 848 1944 Gott.
872 1880 982 1944 1⁰0⁷.
1055 1947 1058 1958 ,

124 1990 167 2052 Ιι.
187 1990 386 2052 Pantanus
411 1991 450 2053 ad
469 1991 575 2072 fragm.
595 1990 822 2064 historicorum,
843 1991 892 2051 cd.
912 1990 1112 2072 Hsvarcamp.

125 2097 240 2159 Ausou.
260 2096 405 2182 Popma
426 2099 464 2160 ad
485 2098 673 2172 Varroun,
702 2104 801 2182 repet.
821 2097 946 2180 liipont.
970 2095 1071 2159 1788.
1099 2097 1139 2158 ad
1164 2097 1268 2174 fragm.
1295 2093 1517 2171 historicorum,

205 2202 254 2263 ed.
277 2202 408 2266 llavere.

125 2306 161 2369 0.
182 2308 207 2370 l.
231 2307 303 2371 Chr.
324 2309 505 2372 lleuvcus
525 2309 713 2373 collectanea
734 2307 1014 2392 litteraria,1mgd.
1034 2309 1101 2372 liat
1125 2306 1227 2373 1818.

124 2414 198 2475 sur.
218 2413 466 2477 liic'cohonus
486 2415 526 2476 de
545 2415 683 2490 historia,
703 2421 801 2499 repet.
822 2413 891 2476 Bas.
915 2411 1017 2476 1870.

124 2519 202 2584 Dav.
221 2520 478 2584 Ruhnkcniua
499 2523 541 2585 ad
559 2522 705 2606 Xenoph.
725 2523 853 2586 Memor.
875 2522 923 2584 cd.
943 2521 1078 2598 Ernesti,
1098 2521 1184 2623 luipo.
1201 2519 1301 2584 1770.
1323 2523 1362 2584 ad
1370 2517 1518 2587 Rutilium

205 2624 338 2708 Lupum,
359 2628 407 2688 sd.
427 2628 604 2690 Frotseher.
623 2629 709 2710 hips.
733 2627 836 2706 1811.

126 2729 192 2790 lau.
211 2728 441 2812 liutgersius
460 2733 608 2795 variarum
627 2735 795 2796 lectionum
814 2733 887 2796 libri
906 2733 965 2806 v1,
984 2732 1084 2811 bugd.
1103 2733 1172 2794 Βιι
1196 2731 1297 2794 1818.

129 2836 238 2898 Claud.
259 2837 467 2902 Salmasius
488 2841 723 2904 exercitationes
743 2843 891 2904 Pliuiaum
911 2843 950 2902 sd
972 2841 1121 2914 solinum,
1142 2829 1240 2901 Parit
1253 2835 1363 2899 1800.
1385 2834 1439 2896 lhl.

126 2941 388 3026 Ios-Scaliger
416 2935 614 3009 coniectauea
633 2949 665 3009 iu
685 2949 874 3022 Varronem,
902 2946 1000 3008 Paris.
1023 2927 1130 3008 1808.
1159 2949 1229 3008 oea
1250 2967 1317 3008 cum
1337 2943 1520 3028 appendice,

205 3048 302 3112 Paris.
324 3049 425 3112 1881.
457 3053 615 3120 οιιιΙιο1ι
643 3055 709 3116 sive
738 3053 893 3138 appendix
913 3051 1054 3136 Virgilii,
1074 3053 1173 3136 laugd.
1197 3050 1297 3114 1878.
1326 3052 1366 3114 ad
1384 3051 1521 3122 Festum,

206 3157 288 3238 apud
308 3157 346 3219 P.
367 3157 629 3220 Sautaudreauum
652 3157 753 3221 1878.
782 3159 822 3220 ad
843 3157 1008 3234 Catullum,
1031 3158 1124 3220 Auta.
1149 3155 1249 3218 1880.

126 3261 188 3322 lae.
210 3260 435 3344 Schegkiua
465 3264 708 3328 observationum
740 3273 773 3325 et
805 3264 1046 3326 emendationum
1077 3283 1259 3346 praemessa,
1292 3261 1374 3352 tpud
1395 3261 1517 3324 Gruter.

205 3365 312 3449 Lamp.
333 3375 356 3428 ι.
375 3365 431 3430 lv.

125 3470 162 3533 la.
182 3471 219 3532 1¹¹.
239 3471 417 3535 Schmidt
436 3475 550 3538 Lucilii
570 3476 653 3540 satir.
674 3475 729 3538 lih.
748 3477 808 3549 lx,
828 3477 933 3539 llerol.
956 3475 1058 3538 1810.
1078 3473 1111 3537 d.
1131 3475 1316 3558 Propi-amm.
1344 3469 1354 3490 '

125 3579 152 3640 1.
173 3577 213 3639 G.
233 3577 450 3643 Schneider
469 3583 509 3642 ad
529 3583 695 3663 scriptores
715 3581 755 3643 lt.
776 3581 814 3644 ll.
835 3581 920 3664 lsips.
944 3581 1180 3643 1701-1707.

127 3687 187 3748 sd.
207 3685 347 3750 schol}
367 3687 510 3770 Beitriipe
530 3712 585 3751 sur
606 3689 719 3752 Gesch.
740 3690 797 3752 der
817 3689 930 3772 griech.
951 3688 1075 3763 Poesic,
1095 3688 1178 3752 Berl.
1202 3686 1304 3751 1880.

128 3793 220 3877 Gasp.
241 3793 427 3876 Schoppe
454 3797 494 3858 ad
514 3797 674 3880 Priapeia,
704 3797 809 3861 Patra.
833 3797 934 3861 1081.
954 3799 1001 3892 ιιι
1022 3805 1089 3860 arte
1109 3797 1231 3872 critica,
1259 3805 1290 3859 et
1316 3795 1519 3860 verisimilium

206 3901 280 3965 lihri
299 3899 358 3976 lV,
378 3911 476 3987 repet.
496 3905 624 3967 dmstel.
648 3905 749 3968 1880.
1594 3923 1597 3930 ’

127 4007 210 4072 Petr.
231 4009 454 4098 Scriverius
473 4009 662 4072 collectanea
683 4020 819 4074 veterum
838 4011 1033 4093 tragicorum,
1054 4030 1121 4071 cum
1142 4009 1223 4071 uotis
1242 4005 1316 4070 Ger.
1336 4006 1382 4069 Io.
1403 4003 1517 4078 vossii,

207 4113 306 4194 loupd.
322 4113 360 4174 B.
383 4088 484 4180 1800.

21 4242 27 4250 ·
127 4217 223 4280 Leon.
245 4221 420 4302 Spengel
440 4223 481 4284 ad
501 4219 616 4284 cecilii
636 4221 816 4300 fragmenta,
835 4221 955 4284 hlouac.
977 4218 1078 4282 1800.
1098 4223 1131 4282 1.

128 4323 225 4387 llenr.
245 4335 276 4386 et
294 4325 376 4390 lloh.
398 4327 589 4410 Stephani
611 4327 778 4408 fragmenta
789 4332 1093 4408 poctarumveterum
1104 4327 1291 4400 Latinorum,
1304 4323 1401 4386 Paris.
1416 4285 1516 4385 1881

129 4428 262 4496 Godeac.
283 4433 529 4524 stewechius
550 4432 784 4513 adVepetium,
806 4431 953 4517 nugas.
978 4427 1077 4496 1880

128 4535 170 4612 ll.
193 4536 380 4619 Stieglits
401 4541 441 4602 de
462 4515 591 4610 Pacuvii
611 4538 788 4614 Duloreste,
810 4537 896 4620 lupa.
920 4533 1051 4602 1808.
1136 4544 1138 4555 “
