<?xml version="1.0" encoding="UTF-8"?>
<!DOCTYPE html PUBLIC "-//W3C//DTD XHTML 1.0 Transitional//EN"
    "http://www.w3.org/TR/xhtml1/DTD/xhtml1-transitional.dtd">
<html xmlns="http://www.w3.org/1999/xhtml" xml:lang="en" lang="en">
 <head>
  <title>
</title>
<meta http-equiv="Content-Type" content="text/html;charset=utf-8" />
  <meta name='ocr-system' content='tesseract 3.04.00' />
  <meta name='ocr-capabilities' content='ocr_page ocr_carea ocr_par ocr_line ocrx_word'/>
</head>
<body>
  <div class='ocr_page' id='page_1' title='image "./marcellidecompe00marcgoog/marcellidecompe00marcgoog_0029.png"; bbox 0 0 3674 5250; ppageno 0'>
   <div class='ocr_carea' id='block_1_1' title="bbox 353 405 428 454">
    <p class='ocr_par' dir='ltr' id='par_1_1' title="bbox 353 405 428 454">
     <span class='ocr_line' id='line_1_1' title="bbox 353 405 428 454; baseline -0.027 0"><span class='ocrx_word' id='word_1_1' title='bbox 353 405 428 454; x_wconf 81' lang='lat' dir='ltr'><strong>nn</strong></span> 
     </span>
    </p>
   </div>
   <div class='ocr_carea' id='block_1_2' title="bbox 351 541 1743 672">
    <p class='ocr_par' dir='ltr' id='par_1_2' title="bbox 351 541 1743 672">
     <span class='ocr_line' id='line_1_2' title="bbox 351 541 1743 672; baseline 0.001 -31"><span class='ocrx_word' id='word_1_2' title='bbox 351 569 488 666; x_wconf 82' lang='lat' dir='ltr'><strong>seriptis</strong></span> <span class='ocrx_word' id='word_1_3' title='bbox 522 565 668 642; x_wconf 84' lang='lat' dir='ltr'><strong>haheret</strong></span> <span class='ocrx_word' id='word_1_4' title='bbox 708 541 823 668; x_wconf 83' lang='lat' dir='ltr'><strong>neque</strong></span> <span class='ocrx_word' id='word_1_5' title='bbox 854 571 975 669; x_wconf 78' lang='lat' dir='ltr'><strong>gratie</strong></span> <span class='ocrx_word' id='word_1_6' title='bbox 1008 595 1123 668; x_wconf 89' lang='lat' dir='ltr'><strong>neque</strong></span> <span class='ocrx_word' id='word_1_7' title='bbox 1157 570 1343 672; x_wconf 77' lang='lat' dir='ltr'><strong>dignitatis</strong></span> <span class='ocrx_word' id='word_1_8' title='bbox 1392 571 1467 645; x_wconf 84' lang='lat' dir='ltr'><strong>lam</strong></span> <span class='ocrx_word' id='word_1_9' title='bbox 1494 577 1578 646; x_wconf 84' lang='lat' dir='ltr'><strong>satis</strong></span> <span class='ocrx_word' id='word_1_10' title='bbox 1605 583 1743 644; x_wconf 83' lang='lat' dir='ltr'><strong>onustat</strong></span> 
     </span>
    </p>
   </div>
   <div class='ocr_carea' id='block_1_3' title="bbox 347 689 1742 1540">
    <p class='ocr_par' dir='ltr' id='par_1_3' title="bbox 347 689 1742 1540">
     <span class='ocr_line' id='line_1_3' title="bbox 350 689 1742 796; baseline 0.004 -34"><span class='ocrx_word' id='word_1_11' title='bbox 350 689 433 763; x_wconf 89' lang='lat' dir='ltr'><strong>inde</strong></span> <span class='ocrx_word' id='word_1_12' title='bbox 457 689 504 762; x_wconf 86' lang='lat' dir='ltr'><strong>eh</strong></span> <span class='ocrx_word' id='word_1_13' title='bbox 516 689 699 765; x_wconf 80' lang='lat' dir='ltr'><strong>Hadriano</strong></span> <span class='ocrx_word' id='word_1_14' title='bbox 717 691 929 789; x_wconf 78' lang='lat' dir='ltr'><strong>imperatore</strong></span> <span class='ocrx_word' id='word_1_15' title='bbox 948 717 1077 766; x_wconf 78' lang='lat' dir='ltr'><strong>norum</strong></span> <span class='ocrx_word' id='word_1_16' title='bbox 1090 693 1263 793; x_wconf 86' lang='lat' dir='ltr'><strong>quendam</strong></span> <span class='ocrx_word' id='word_1_17' title='bbox 1277 705 1313 767; x_wconf 90' lang='lat' dir='ltr'><strong>et</strong></span> <span class='ocrx_word' id='word_1_18' title='bbox 1328 694 1477 768; x_wconf 78' lang='lat' dir='ltr'><strong>horridae</strong></span> <span class='ocrx_word' id='word_1_19' title='bbox 1488 695 1579 768; x_wconf 87' lang='lat' dir='ltr'><strong>illius</strong></span> <span class='ocrx_word' id='word_1_20' title='bbox 1595 699 1742 796; x_wconf 87' lang='lat' dir='ltr'><strong>untiqui-</strong></span> 
     </span>
     <span class='ocr_line' id='line_1_4' title="bbox 349 813 1742 914; baseline 0.004 -28"><span class='ocrx_word' id='word_1_21' title='bbox 349 816 432 886; x_wconf 84' lang='lat' dir='ltr'><strong>tatia</strong></span> <span class='ocrx_word' id='word_1_22' title='bbox 444 823 481 887; x_wconf 90' lang='lat' dir='ltr'><strong>et</strong></span> <span class='ocrx_word' id='word_1_23' title='bbox 492 815 684 912; x_wconf 87' lang='lat' dir='ltr'><strong>prisonrnm</strong></span> <span class='ocrx_word' id='word_1_24' title='bbox 700 813 889 890; x_wconf 86' lang='lat' dir='ltr'><strong>verborum</strong></span> <span class='ocrx_word' id='word_1_25' title='bbox 907 841 1062 891; x_wconf 86' lang='lat' dir='ltr'><strong>amorem</strong></span> <span class='ocrx_word' id='word_1_26' title='bbox 1082 820 1266 909; x_wconf 76' lang='lat' dir='ltr'><strong>exemisse,</strong></span> <span class='ocrx_word' id='word_1_27' title='bbox 1286 821 1334 890; x_wconf 77' lang='lat' dir='ltr'><strong>ita</strong></span> <span class='ocrx_word' id='word_1_28' title='bbox 1350 829 1392 890; x_wconf 86' lang='lat' dir='ltr'><strong>nt</strong></span> <span class='ocrx_word' id='word_1_29' title='bbox 1405 817 1532 914; x_wconf 68' lang='lat' dir='ltr'><strong>qubus</strong></span> <span class='ocrx_word' id='word_1_30' title='bbox 1545 819 1742 894; x_wconf 78' lang='lat' dir='ltr'><strong>modestum</strong></span> 
     </span>
     <span class='ocr_line' id='line_1_5' title="bbox 349 938 1742 1040; baseline 0.004 -30"><span class='ocrx_word' id='word_1_31' title='bbox 349 939 706 1038; x_wconf 74' lang='lat' dir='ltr'>circumspectamque</span> <span class='ocrx_word' id='word_1_32' title='bbox 729 938 892 1012; x_wconf 81' lang='lat' dir='ltr'><strong>iudicium</strong></span> <span class='ocrx_word' id='word_1_33' title='bbox 916 939 1028 1033; x_wconf 82' lang='lat' dir='ltr'><strong>esset,</strong></span> <span class='ocrx_word' id='word_1_34' title='bbox 1060 939 1173 1040; x_wconf 84' lang='lat' dir='ltr'><strong>qualis</strong></span> <span class='ocrx_word' id='word_1_35' title='bbox 1197 939 1263 1013; x_wconf 80' lang='lat' dir='ltr'><strong>luit</strong></span> <span class='ocrx_word' id='word_1_36' title='bbox 1285 941 1560 1036; x_wconf 68' lang='lat' dir='ltr'><strong>Quinctilium,</strong></span> <span class='ocrx_word' id='word_1_37' title='bbox 1593 943 1742 1018; x_wconf 85' lang='lat' dir='ltr'><strong>mediam</strong></span> 
     </span>
     <span class='ocr_line' id='line_1_6' title="bbox 348 1059 1741 1169; baseline 0.007 -38"><span class='ocrx_word' id='word_1_38' title='bbox 348 1059 526 1158; x_wconf 77' lang='lat' dir='ltr'><strong>qumdam</strong></span> <span class='ocrx_word' id='word_1_39' title='bbox 549 1063 639 1134; x_wconf 79' lang='lat' dir='ltr'><strong>viem</strong></span> <span class='ocrx_word' id='word_1_40' title='bbox 664 1065 803 1157; x_wconf 85' lang='lat' dir='ltr'><strong>inirent,</strong></span> <span class='ocrx_word' id='word_1_41' title='bbox 828 1073 864 1137; x_wconf 89' lang='lat' dir='ltr'><strong>et</strong></span> <span class='ocrx_word' id='word_1_42' title='bbox 888 1066 1052 1164; x_wconf 82' lang='lat' dir='ltr'><strong>antiquos</strong></span> <span class='ocrx_word' id='word_1_43' title='bbox 1076 1064 1160 1164; x_wconf 85' lang='lat' dir='ltr'><strong>legi,</strong></span> <span class='ocrx_word' id='word_1_44' title='bbox 1185 1091 1297 1140; x_wconf 85' lang='lat' dir='ltr'><strong>novos</strong></span> <span class='ocrx_word' id='word_1_45' title='bbox 1319 1093 1392 1140; x_wconf 91' lang='lat' dir='ltr'><strong>non</strong></span> <span class='ocrx_word' id='word_1_46' title='bbox 1416 1067 1549 1169; x_wconf 86' lang='lat' dir='ltr'><strong>negligi</strong></span> <span class='ocrx_word' id='word_1_47' title='bbox 1572 1067 1741 1142; x_wconf 83' lang='lat' dir='ltr'><strong>inherent.</strong></span> 
     </span>
     <span class='ocr_line' id='line_1_7' title="bbox 349 1182 1742 1290; baseline 0.006 -33"><span class='ocrx_word' id='word_1_48' title='bbox 349 1182 426 1258; x_wconf 82' lang='lat' dir='ltr'><strong>Sed</strong></span> <span class='ocrx_word' id='word_1_49' title='bbox 441 1197 480 1259; x_wconf 87' lang='lat' dir='ltr'><strong>nt</strong></span> <span class='ocrx_word' id='word_1_50' title='bbox 493 1187 826 1288; x_wconf 28' lang='lat' dir='ltr'><strong>Ahieaeiprovineioe</strong></span> <span class='ocrx_word' id='word_1_51' title='bbox 842 1193 941 1284; x_wconf 76' lang='lat' dir='ltr'><strong>aihta,</strong></span> <span class='ocrx_word' id='word_1_52' title='bbox 959 1193 1008 1263; x_wconf 89' lang='lat' dir='ltr'><strong>ite</strong></span> <span class='ocrx_word' id='word_1_53' title='bbox 1026 1193 1149 1263; x_wconf 87' lang='lat' dir='ltr'><strong>artium</strong></span> <span class='ocrx_word' id='word_1_54' title='bbox 1166 1202 1202 1265; x_wconf 91' lang='lat' dir='ltr'><strong>et</strong></span> <span class='ocrx_word' id='word_1_55' title='bbox 1218 1192 1410 1266; x_wconf 87' lang='lat' dir='ltr'><strong>litterarum</strong></span> <span class='ocrx_word' id='word_1_56' title='bbox 1427 1192 1541 1265; x_wconf 79' lang='lat' dir='ltr'><strong>shrdia</strong></span> <span class='ocrx_word' id='word_1_57' title='bbox 1565 1189 1613 1264; x_wconf 85' lang='lat' dir='ltr'><strong>ihi</strong></span> <span class='ocrx_word' id='word_1_58' title='bbox 1634 1191 1742 1290; x_wconf 87' lang='lat' dir='ltr'><strong>longe</strong></span> 
     </span>
     <span class='ocr_line' id='line_1_8' title="bbox 349 1305 1741 1415; baseline 0.002 -34"><span class='ocrx_word' id='word_1_59' title='bbox 349 1305 487 1383; x_wconf 80' lang='lat' dir='ltr'><strong>diversa</strong></span> <span class='ocrx_word' id='word_1_60' title='bbox 510 1309 661 1385; x_wconf 80' lang='lat' dir='ltr'><strong>fuerunt</strong></span> <span class='ocrx_word' id='word_1_61' title='bbox 700 1313 791 1387; x_wconf 85' lang='lat' dir='ltr'><strong>Cum</strong></span> <span class='ocrx_word' id='word_1_62' title='bbox 815 1316 907 1388; x_wconf 92' lang='lat' dir='ltr'><strong>enim</strong></span> <span class='ocrx_word' id='word_1_63' title='bbox 931 1341 977 1388; x_wconf 90' lang='lat' dir='ltr'><strong>ne</strong></span> <span class='ocrx_word' id='word_1_64' title='bbox 1002 1315 1310 1415; x_wconf 69' lang='lat' dir='ltr'><strong>Carthaginienses</strong></span> <span class='ocrx_word' id='word_1_65' title='bbox 1335 1316 1475 1415; x_wconf 88' lang='lat' dir='ltr'><strong>quidem</strong></span> <span class='ocrx_word' id='word_1_66' title='bbox 1500 1313 1741 1390; x_wconf 79' lang='lat' dir='ltr'><strong>aGroeeornm</strong></span> 
     </span>
     <span class='ocr_line' id='line_1_9' title="bbox 347 1421 1742 1540; baseline 0.004 -37"><span class='ocrx_word' id='word_1_67' title='bbox 347 1421 443 1504; x_wconf 84' lang='lat' dir='ltr'><strong>uultu</strong></span> <span class='ocrx_word' id='word_1_68' title='bbox 469 1444 504 1506; x_wconf 90' lang='lat' dir='ltr'><strong>et</strong></span> <span class='ocrx_word' id='word_1_69' title='bbox 528 1434 740 1510; x_wconf 76' lang='lat' dir='ltr'><strong>humanitate</strong></span> <span class='ocrx_word' id='word_1_70' title='bbox 765 1439 906 1510; x_wconf 88' lang='lat' dir='ltr'><strong>omnino</strong></span> <span class='ocrx_word' id='word_1_71' title='bbox 930 1437 1209 1532; x_wconf 87' lang='lat' dir='ltr'><strong>abhorruissent,</strong></span> <span class='ocrx_word' id='word_1_72' title='bbox 1245 1439 1343 1514; x_wconf 85' lang='lat' dir='ltr'><strong>Cirta</strong></span> <span class='ocrx_word' id='word_1_73' title='bbox 1367 1441 1442 1538; x_wconf 82' lang='lat' dir='ltr'><strong>ipsa</strong></span> <span class='ocrx_word' id='word_1_74' title='bbox 1464 1465 1587 1540; x_wconf 83' lang='lat' dir='ltr'><strong>regum</strong></span> <span class='ocrx_word' id='word_1_75' title='bbox 1611 1437 1742 1510; x_wconf 86' lang='lat' dir='ltr'><strong>littera·</strong></span> 
     </span>
    </p>
   </div>
   <div class='ocr_carea' id='block_1_4' title="bbox 204 1556 1742 1669">
    <p class='ocr_par' dir='ltr' id='par_1_4' title="bbox 204 1556 1742 1669">
     <span class='ocr_line' id='line_1_10' title="bbox 204 1556 1742 1669; baseline -0.008 -38"><span class='ocrx_word' id='word_1_76' title='bbox 204 1663 206 1669; x_wconf 15' lang='lat' dir='ltr'><em>A</em></span> <span class='ocrx_word' id='word_1_77' title='bbox 347 1556 559 1630; x_wconf 70' lang='lat' dir='ltr'><strong>momorum</strong></span> <span class='ocrx_word' id='word_1_78' title='bbox 583 1558 685 1634; x_wconf 84' lang='lat' dir='ltr'><strong>sedes</strong></span> <span class='ocrx_word' id='word_1_79' title='bbox 710 1561 836 1654; x_wconf 78' lang='lat' dir='ltr'><strong>fuerat,</strong></span> <span class='ocrx_word' id='word_1_80' title='bbox 851 1561 1116 1656; x_wconf 84' lang='lat' dir='ltr'><strong>Manastahalis,</strong></span> <span class='ocrx_word' id='word_1_81' title='bbox 1140 1563 1310 1662; x_wconf 72' lang='lat' dir='ltr'><strong>Micipsae,</strong></span> <span class='ocrx_word' id='word_1_82' title='bbox 1335 1567 1431 1638; x_wconf 76' lang='lat' dir='ltr'><strong>euius</strong></span> <span class='ocrx_word' id='word_1_83' title='bbox 1444 1560 1554 1634; x_wconf 66' lang='lat' dir='ltr'><strong>libros</strong></span> <span class='ocrx_word' id='word_1_84' title='bbox 1566 1559 1742 1634; x_wconf 63' lang='lat' dir='ltr'><strong>Salustius</strong></span> 
     </span>
    </p>
   </div>
   <div class='ocr_carea' id='block_1_5' title="bbox 256 1676 1741 2903">
    <p class='ocr_par' dir='ltr' id='par_1_5' title="bbox 256 1676 1741 2903">
     <span class='ocr_line' id='line_1_11' title="bbox 348 1676 1740 1790; baseline 0.006 -43"><span class='ocrx_word' id='word_1_85' title='bbox 348 1676 485 1772; x_wconf 85' lang='lat' dir='ltr'><strong>laudat,</strong></span> <span class='ocrx_word' id='word_1_86' title='bbox 523 1692 558 1754; x_wconf 86' lang='lat' dir='ltr'><strong>et</strong></span> <span class='ocrx_word' id='word_1_87' title='bbox 590 1681 708 1776; x_wconf 82' lang='lat' dir='ltr'><strong>lubae,</strong></span> <span class='ocrx_word' id='word_1_88' title='bbox 746 1709 849 1784; x_wconf 90' lang='lat' dir='ltr'><strong>quem</strong></span> <span class='ocrx_word' id='word_1_89' title='bbox 884 1686 1076 1790; x_wconf 79' lang='lat' dir='ltr'><strong>litterarqm</strong></span> <span class='ocrx_word' id='word_1_90' title='bbox 1109 1697 1332 1760; x_wconf 88' lang='lat' dir='ltr'><strong>monumenta</strong></span> <span class='ocrx_word' id='word_1_91' title='bbox 1363 1683 1551 1758; x_wconf 73' lang='lat' dir='ltr'><strong>dadssima</strong></span> <span class='ocrx_word' id='word_1_92' title='bbox 1575 1683 1740 1781; x_wconf 83' lang='lat' dir='ltr'><strong>ipsasque</strong></span> 
     </span>
     <span class='ocr_line' id='line_1_12' title="bbox 346 1796 1740 1912; baseline -0.012 -18"><span class='ocrx_word' id='word_1_93' title='bbox 346 1796 523 1893; x_wconf 63' lang='lat' dir='ltr'><strong>Tuuoehdg</strong></span> <span class='ocrx_word' id='word_1_94' title='bbox 553 1809 701 1904; x_wconf 73' lang='grc' dir='ltr'><strong>ἱστορίας</strong></span> <span class='ocrx_word' id='word_1_95' title='bbox 731 1809 858 1883; x_wconf 81' lang='lat' dir='ltr'><strong>Graeco</strong></span> <span class='ocrx_word' id='word_1_96' title='bbox 874 1833 1036 1884; x_wconf 88' lang='lat' dir='ltr'><strong>sermone</strong></span> <span class='ocrx_word' id='word_1_97' title='bbox 1062 1811 1241 1884; x_wconf 83' lang='lat' dir='ltr'><strong>eonleetas</strong></span> <span class='ocrx_word' id='word_1_98' title='bbox 1260 1811 1442 1912; x_wconf 79' lang='lat' dir='ltr'><strong>reliquisse</strong></span> <span class='ocrx_word' id='word_1_99' title='bbox 1466 1819 1613 1882; x_wconf 79' lang='lat' dir='ltr'><strong>constat.</strong></span> <span class='ocrx_word' id='word_1_100' title='bbox 1638 1809 1740 1900; x_wconf 86' lang='lat' dir='ltr'><strong>lllux,</strong></span> 
     </span>
     <span class='ocr_line' id='line_1_13' title="bbox 347 1929 1741 2007; baseline 0 -5"><span class='ocrx_word' id='word_1_101' title='bbox 347 1953 428 2002; x_wconf 75' lang='lat' dir='ltr'><strong>mm</strong></span> <span class='ocrx_word' id='word_1_102' title='bbox 463 1930 621 2006; x_wconf 78' lang='lat' dir='ltr'><strong>doctrina</strong></span> <span class='ocrx_word' id='word_1_103' title='bbox 660 1932 857 2007; x_wconf 80' lang='lat' dir='ltr'><strong>Christiane</strong></span> <span class='ocrx_word' id='word_1_104' title='bbox 892 1931 996 2004; x_wconf 86' lang='lat' dir='ltr'><strong>simul</strong></span> <span class='ocrx_word' id='word_1_105' title='bbox 1027 1957 1104 2007; x_wconf 88' lang='lat' dir='ltr'><strong>oum</strong></span> <span class='ocrx_word' id='word_1_106' title='bbox 1140 1932 1285 2006; x_wconf 83' lang='lat' dir='ltr'><strong>coloniis</strong></span> <span class='ocrx_word' id='word_1_107' title='bbox 1326 1935 1498 2006; x_wconf 80' lang='lat' dir='ltr'><strong>Romanis</strong></span> <span class='ocrx_word' id='word_1_108' title='bbox 1529 1931 1576 2006; x_wconf 83' lang='lat' dir='ltr'><strong>ad</strong></span> <span class='ocrx_word' id='word_1_109' title='bbox 1603 1929 1741 2003; x_wconf 80' lang='lat' dir='ltr'><strong>ultimas</strong></span> 
     </span>
     <span class='ocr_line' id='line_1_14' title="bbox 349 2043 1741 2157; baseline 0.001 -31"><span class='ocrx_word' id='word_1_110' title='bbox 349 2063 476 2152; x_wconf 83' lang='lat' dir='ltr'><strong>gentes</strong></span> <span class='ocrx_word' id='word_1_111' title='bbox 492 2043 755 2157; x_wconf 80' lang='lat' dir='ltr'><strong>pervagaretur,</strong></span> <span class='ocrx_word' id='word_1_112' title='bbox 779 2081 872 2132; x_wconf 84' lang='lat' dir='ltr'><strong>nova</strong></span> <span class='ocrx_word' id='word_1_113' title='bbox 895 2055 955 2130; x_wconf 89' lang='lat' dir='ltr'><strong>illa</strong></span> <span class='ocrx_word' id='word_1_114' title='bbox 971 2059 1090 2131; x_wconf 80' lang='lat' dir='ltr'><strong>Latini</strong></span> <span class='ocrx_word' id='word_1_115' title='bbox 1114 2060 1284 2132; x_wconf 86' lang='lat' dir='ltr'><strong>sermonis</strong></span> <span class='ocrx_word' id='word_1_116' title='bbox 1307 2057 1421 2132; x_wconf 81' lang='lat' dir='ltr'><strong>forma</strong></span> <span class='ocrx_word' id='word_1_117' title='bbox 1445 2067 1522 2130; x_wconf 86' lang='lat' dir='ltr'><strong>orta</strong></span> <span class='ocrx_word' id='word_1_118' title='bbox 1547 2066 1613 2148; x_wconf 85' lang='lat' dir='ltr'><strong>eat,</strong></span> <span class='ocrx_word' id='word_1_119' title='bbox 1635 2079 1741 2153; x_wconf 89' lang='lat' dir='ltr'><strong>quam</strong></span> 
     </span>
     <span class='ocr_line' id='line_1_15' title="bbox 256 2165 1740 2281; baseline 0.001 -33"><span class='ocrx_word' id='word_1_120' title='bbox 256 2165 259 2172; x_wconf 63' lang='grc'><strong>’</strong></span> <span class='ocrx_word' id='word_1_121' title='bbox 348 2185 387 2248; x_wconf 89' lang='lat' dir='ltr'><strong>et</strong></span> <span class='ocrx_word' id='word_1_122' title='bbox 410 2177 446 2247; x_wconf 95' lang='lat' dir='ltr'><strong>in</strong></span> <span class='ocrx_word' id='word_1_123' title='bbox 469 2177 646 2278; x_wconf 77' lang='lat' dir='ltr'><strong>Vulgata,</strong></span> <span class='ocrx_word' id='word_1_124' title='bbox 677 2207 755 2281; x_wconf 78' lang='lat' dir='ltr'><strong>qua</strong></span> <span class='ocrx_word' id='word_1_125' title='bbox 791 2181 934 2274; x_wconf 86' lang='lat' dir='ltr'><strong>dieitur,</strong></span> <span class='ocrx_word' id='word_1_126' title='bbox 966 2183 1063 2254; x_wconf 87' lang='lat' dir='ltr'><strong>euius</strong></span> <span class='ocrx_word' id='word_1_127' title='bbox 1097 2183 1268 2280; x_wconf 75' lang='lat' dir='ltr'><strong>originem</strong></span> <span class='ocrx_word' id='word_1_128' title='bbox 1290 2178 1336 2252; x_wconf 89' lang='lat' dir='ltr'><strong>ah</strong></span> <span class='ocrx_word' id='word_1_129' title='bbox 1361 2180 1483 2252; x_wconf 79' lang='lat' dir='ltr'><strong>hl&#39;riea</strong></span> <span class='ocrx_word' id='word_1_130' title='bbox 1517 2191 1553 2253; x_wconf 85' lang='lat' dir='ltr'><strong>et</strong></span> <span class='ocrx_word' id='word_1_131' title='bbox 1576 2206 1597 2251; x_wconf 85' lang='lat' dir='ltr'><strong>a</strong></span> <span class='ocrx_word' id='word_1_132' title='bbox 1621 2180 1740 2275; x_wconf 85' lang='lat' dir='ltr'><strong>primis</strong></span> 
     </span>
     <span class='ocr_line' id='line_1_16' title="bbox 346 2298 1741 2404; baseline 0.001 -33"><span class='ocrx_word' id='word_1_133' title='bbox 346 2298 488 2398; x_wconf 89' lang='lat' dir='ltr'><strong>quidem</strong></span> <span class='ocrx_word' id='word_1_134' title='bbox 514 2301 648 2376; x_wconf 80' lang='lat' dir='ltr'><strong>amanlis</strong></span> <span class='ocrx_word' id='word_1_135' title='bbox 672 2303 897 2403; x_wconf 85' lang='lat' dir='ltr'><strong>repetendam</strong></span> <span class='ocrx_word' id='word_1_136' title='bbox 921 2325 999 2378; x_wconf 84' lang='lat' dir='ltr'><strong>ease</strong></span> <span class='ocrx_word' id='word_1_137' title='bbox 1022 2303 1257 2404; x_wconf 79' lang='lat' dir='ltr'><strong>intelligentes</strong></span> <span class='ocrx_word' id='word_1_138' title='bbox 1280 2302 1454 2395; x_wconf 80' lang='lat' dir='ltr'><strong>iudicant,</strong></span> <span class='ocrx_word' id='word_1_139' title='bbox 1478 2313 1514 2375; x_wconf 88' lang='lat' dir='ltr'><strong>et</strong></span> <span class='ocrx_word' id='word_1_140' title='bbox 1538 2303 1575 2372; x_wconf 94' lang='lat' dir='ltr'><strong>in</strong></span> <span class='ocrx_word' id='word_1_141' title='bbox 1599 2299 1741 2374; x_wconf 77' lang='lat' dir='ltr'><strong>&#39;l&#39;ertul-</strong></span> 
     </span>
     <span class='ocr_line' id='line_1_17' title="bbox 347 2421 1739 2528; baseline -0.001 -33"><span class='ocrx_word' id='word_1_142' title='bbox 347 2421 430 2497; x_wconf 90' lang='lat' dir='ltr'><strong>liani</strong></span> <span class='ocrx_word' id='word_1_143' title='bbox 454 2425 551 2500; x_wconf 85' lang='lat' dir='ltr'><strong>libris</strong></span> <span class='ocrx_word' id='word_1_144' title='bbox 575 2423 875 2528; x_wconf 81' lang='lat' dir='ltr'><strong>deprehendimus.</strong></span> <span class='ocrx_word' id='word_1_145' title='bbox 924 2428 1011 2500; x_wconf 90' lang='lat' dir='ltr'><strong>lude</strong></span> <span class='ocrx_word' id='word_1_146' title='bbox 1036 2427 1167 2499; x_wconf 85' lang='lat' dir='ltr'><strong>suetum</strong></span> <span class='ocrx_word' id='word_1_147' title='bbox 1193 2451 1270 2502; x_wconf 81' lang='lat' dir='ltr'><strong>ease</strong></span> <span class='ocrx_word' id='word_1_148' title='bbox 1296 2427 1453 2518; x_wconf 79' lang='lat' dir='ltr'><strong>videtur,</strong></span> <span class='ocrx_word' id='word_1_149' title='bbox 1488 2435 1528 2497; x_wconf 91' lang='lat' dir='ltr'><strong>nt</strong></span> <span class='ocrx_word' id='word_1_150' title='bbox 1559 2435 1595 2498; x_wconf 87' lang='lat' dir='ltr'><strong>et</strong></span> <span class='ocrx_word' id='word_1_151' title='bbox 1626 2425 1739 2496; x_wconf 88' lang='lat' dir='ltr'><strong>ineur-</strong></span> 
     </span>
     <span class='ocr_line' id='line_1_18' title="bbox 346 2531 1737 2653; baseline -0.001 -32"><span class='ocrx_word' id='word_1_152' title='bbox 346 2561 458 2648; x_wconf 76' lang='lat' dir='ltr'><strong>rupta</strong></span> <span class='ocrx_word' id='word_1_153' title='bbox 485 2555 699 2653; x_wconf 79' lang='lat' dir='ltr'><strong>antiquitatis</strong></span> <span class='ocrx_word' id='word_1_154' title='bbox 723 2531 836 2627; x_wconf 75' lang='lat' dir='ltr'><strong>studia</strong></span> <span class='ocrx_word' id='word_1_155' title='bbox 862 2553 907 2626; x_wconf 88' lang='lat' dir='ltr'><strong>ab</strong></span> <span class='ocrx_word' id='word_1_156' title='bbox 931 2555 972 2624; x_wconf 90' lang='lat' dir='ltr'><strong>iis</strong></span> <span class='ocrx_word' id='word_1_157' title='bbox 987 2551 1220 2643; x_wconf 86' lang='lat' dir='ltr'><strong>-eolerentur,</strong></span> <span class='ocrx_word' id='word_1_158' title='bbox 1245 2555 1305 2652; x_wconf 90' lang='lat' dir='ltr'><strong>qui</strong></span> <span class='ocrx_word' id='word_1_159' title='bbox 1330 2577 1351 2624; x_wconf 88' lang='lat' dir='ltr'><strong>a</strong></span> <span class='ocrx_word' id='word_1_160' title='bbox 1375 2551 1651 2626; x_wconf 84' lang='lat' dir='ltr'><strong>Christianorum</strong></span> <span class='ocrx_word' id='word_1_161' title='bbox 1675 2545 1737 2620; x_wconf 90' lang='lat' dir='ltr'><strong>do·</strong></span> 
     </span>
     <span class='ocr_line' id='line_1_19' title="bbox 345 2670 1738 2776; baseline -0.002 -28"><span class='ocrx_word' id='word_1_162' title='bbox 345 2673 456 2748; x_wconf 66' lang='lat' dir='ltr'><strong>eatae</strong></span> <span class='ocrx_word' id='word_1_163' title='bbox 481 2686 581 2748; x_wconf 85' lang='lat' dir='ltr'><strong>erant</strong></span> <span class='ocrx_word' id='word_1_164' title='bbox 605 2675 719 2772; x_wconf 87' lang='lat' dir='ltr'><strong>alieni,</strong></span> <span class='ocrx_word' id='word_1_165' title='bbox 745 2690 780 2752; x_wconf 86' lang='lat' dir='ltr'><strong>et</strong></span> <span class='ocrx_word' id='word_1_166' title='bbox 800 2687 1001 2776; x_wconf 84' lang='lat' dir='ltr'><strong>oorrnptnm</strong></span> <span class='ocrx_word' id='word_1_167' title='bbox 1027 2674 1163 2748; x_wconf 90' lang='lat' dir='ltr'><strong>dieendi</strong></span> <span class='ocrx_word' id='word_1_168' title='bbox 1189 2701 1302 2774; x_wconf 85' lang='lat' dir='ltr'><strong>geom</strong></span> <span class='ocrx_word' id='word_1_169' title='bbox 1326 2673 1372 2746; x_wconf 89' lang='lat' dir='ltr'><strong>eh</strong></span> <span class='ocrx_word' id='word_1_170' title='bbox 1400 2673 1553 2748; x_wconf 82' lang='lat' dir='ltr'><strong>ecelesiae</strong></span> <span class='ocrx_word' id='word_1_171' title='bbox 1581 2670 1738 2772; x_wconf 84' lang='lat' dir='ltr'><strong>putribus</strong></span> 
     </span>
     <span class='ocr_line' id='line_1_20' title="bbox 345 2799 1739 2903; baseline 0.001 -33"><span class='ocrx_word' id='word_1_172' title='bbox 345 2809 578 2892; x_wconf 80' lang='lat' dir='ltr'><strong>exerceretur,</strong></span> <span class='ocrx_word' id='word_1_173' title='bbox 596 2801 828 2898; x_wconf 73' lang='lat' dir='ltr'><strong>Tertulliano,</strong></span> <span class='ocrx_word' id='word_1_174' title='bbox 853 2803 1044 2903; x_wconf 70' lang='lat' dir='ltr'><strong>Cypriane,</strong></span> <span class='ocrx_word' id='word_1_175' title='bbox 1069 2799 1231 2876; x_wconf 82' lang='lat' dir='ltr'><strong>Arnobio</strong></span> <span class='ocrx_word' id='word_1_176' title='bbox 1255 2812 1291 2875; x_wconf 91' lang='lat' dir='ltr'><strong>et</strong></span> <span class='ocrx_word' id='word_1_177' title='bbox 1315 2827 1336 2873; x_wconf 90' lang='lat' dir='ltr'><strong>a</strong></span> <span class='ocrx_word' id='word_1_178' title='bbox 1360 2799 1503 2900; x_wconf 90' lang='lat' dir='ltr'><strong>reliquis</strong></span> <span class='ocrx_word' id='word_1_179' title='bbox 1520 2799 1739 2892; x_wconf 81' lang='lat' dir='ltr'><strong>Christianis,</strong></span> 
     </span>
    </p>
   </div>
   <div class='ocr_carea' id='block_1_6' title="bbox 200 2919 1740 3022">
    <p class='ocr_par' dir='ltr' id='par_1_6' title="bbox 200 2919 1740 3022">
     <span class='ocr_line' id='line_1_21' title="bbox 200 2919 1740 3022; baseline 0.003 -32"><span class='ocrx_word' id='word_1_180' title='bbox 200 3013 203 3022; x_wconf 25' lang='grc' dir='ltr'>ι</span> <span class='ocrx_word' id='word_1_181' title='bbox 346 2930 386 2990; x_wconf 86' lang='lat' dir='ltr'><strong>m</strong></span> <span class='ocrx_word' id='word_1_182' title='bbox 399 2920 554 2994; x_wconf 83' lang='lat' dir='ltr'><strong>lllinucio</strong></span> <span class='ocrx_word' id='word_1_183' title='bbox 571 2922 703 3016; x_wconf 76' lang='lat' dir='ltr'><strong>Felice,</strong></span> <span class='ocrx_word' id='word_1_184' title='bbox 727 2924 979 2998; x_wconf 81' lang='lat' dir='ltr'><strong>Commodiano</strong></span> <span class='ocrx_word' id='word_1_185' title='bbox 993 2925 1085 2998; x_wconf 79' lang='lat' dir='ltr'><strong>Afro</strong></span> <span class='ocrx_word' id='word_1_186' title='bbox 1110 2935 1175 2997; x_wconf 89' lang='lat' dir='ltr'><strong>ete.</strong></span> <span class='ocrx_word' id='word_1_187' title='bbox 1191 2923 1305 2997; x_wconf 87' lang='lat' dir='ltr'><strong>donee</strong></span> <span class='ocrx_word' id='word_1_188' title='bbox 1318 2923 1524 2996; x_wconf 80' lang='lat' dir='ltr'><strong>Lactantius</strong></span> <span class='ocrx_word' id='word_1_189' title='bbox 1548 2933 1583 2996; x_wconf 86' lang='lat' dir='ltr'><strong>et</strong></span> <span class='ocrx_word' id='word_1_190' title='bbox 1607 2922 1647 2996; x_wconf 84' lang='lat' dir='ltr'><strong>S.</strong></span> <span class='ocrx_word' id='word_1_191' title='bbox 1663 2919 1740 2995; x_wconf 75' lang='lat' dir='ltr'><strong>Aa·</strong></span> 
     </span>
    </p>
   </div>
   <div class='ocr_carea' id='block_1_7' title="bbox 301 3043 1739 4640">
    <p class='ocr_par' dir='ltr' id='par_1_7' title="bbox 301 3043 1739 4640">
     <span class='ocr_line' id='line_1_22' title="bbox 345 3043 1739 3147; baseline -0.001 -30"><span class='ocrx_word' id='word_1_192' title='bbox 345 3046 505 3144; x_wconf 79' lang='lat' dir='ltr'><strong>gnsu&#39;nns</strong></span> <span class='ocrx_word' id='word_1_193' title='bbox 539 3044 608 3118; x_wconf 90' lang='lat' dir='ltr'><strong>hoe</strong></span> <span class='ocrx_word' id='word_1_194' title='bbox 639 3043 814 3120; x_wconf 80' lang='lat' dir='ltr'><strong>diversum</strong></span> <span class='ocrx_word' id='word_1_195' title='bbox 846 3046 1039 3126; x_wconf 82' lang='lat' dir='ltr'><strong>studiorum</strong></span> <span class='ocrx_word' id='word_1_196' title='bbox 1071 3071 1183 3147; x_wconf 85' lang='lat' dir='ltr'><strong>genua</strong></span> <span class='ocrx_word' id='word_1_197' title='bbox 1207 3046 1335 3118; x_wconf 81' lang='lat' dir='ltr'><strong>arctim</strong></span> <span class='ocrx_word' id='word_1_198' title='bbox 1366 3046 1457 3119; x_wconf 90' lang='lat' dir='ltr'><strong>inter</strong></span> <span class='ocrx_word' id='word_1_199' title='bbox 1481 3071 1520 3120; x_wconf 88' lang='lat' dir='ltr'><strong>se</strong></span> <span class='ocrx_word' id='word_1_200' title='bbox 1544 3048 1739 3146; x_wconf 87' lang='lat' dir='ltr'><strong>iungerent.</strong></span> 
     </span>
     <span class='ocr_line' id='line_1_23' title="bbox 346 3168 1739 3271; baseline -0.003 -27"><span class='ocrx_word' id='word_1_201' title='bbox 346 3169 397 3244; x_wconf 73' lang='grc' dir='ltr'><strong>Εἰ</strong></span> <span class='ocrx_word' id='word_1_202' title='bbox 421 3169 611 3246; x_wconf 86' lang='lat' dir='ltr'><strong>litterarum</strong></span> <span class='ocrx_word' id='word_1_203' title='bbox 644 3170 782 3271; x_wconf 89' lang='lat' dir='ltr'><strong>quidem</strong></span> <span class='ocrx_word' id='word_1_204' title='bbox 816 3173 1021 3246; x_wconf 88' lang='lat' dir='ltr'><strong>Latinarum</strong></span> <span class='ocrx_word' id='word_1_205' title='bbox 1051 3173 1323 3270; x_wconf 76' lang='lat' dir='ltr'><strong>Graeeaeamque</strong></span> <span class='ocrx_word' id='word_1_206' title='bbox 1356 3171 1591 3243; x_wconf 79' lang='lat' dir='ltr'><strong>sanctissimus</strong></span> <span class='ocrx_word' id='word_1_207' title='bbox 1625 3168 1739 3242; x_wconf 80' lang='lat' dir='ltr'><strong>miltun</strong></span> 
     </span>
     <span class='ocr_line' id='line_1_24' title="bbox 343 3293 1737 3394; baseline -0.001 -26"><span class='ocrx_word' id='word_1_208' title='bbox 343 3295 410 3368; x_wconf 77' lang='lat' dir='ltr'><strong>luit</strong></span> <span class='ocrx_word' id='word_1_209' title='bbox 433 3293 485 3369; x_wconf 82' lang='grc' dir='ltr'><strong>Μ.</strong></span> <span class='ocrx_word' id='word_1_210' title='bbox 511 3294 695 3369; x_wconf 84' lang='lat' dir='ltr'><strong>Cornelius</strong></span> <span class='ocrx_word' id='word_1_211' title='bbox 718 3297 875 3391; x_wconf 76' lang='lat' dir='ltr'><strong>Fronto,</strong></span> <span class='ocrx_word' id='word_1_212' title='bbox 899 3295 1071 3371; x_wconf 79' lang='lat' dir='ltr'><strong>Eumenia</strong></span> <span class='ocrx_word' id='word_1_213' title='bbox 1096 3307 1205 3388; x_wconf 83' lang='lat' dir='ltr'><strong>teste,</strong></span> <span class='ocrx_word' id='word_1_214' title='bbox 1235 3297 1405 3368; x_wconf 79' lang='lat' dir='ltr'><strong>Romane</strong></span> <span class='ocrx_word' id='word_1_215' title='bbox 1432 3293 1639 3394; x_wconf 84' lang='lat' dir='ltr'><strong>eloquentia</strong></span> <span class='ocrx_word' id='word_1_216' title='bbox 1664 3319 1737 3367; x_wconf 91' lang='lat' dir='ltr'><strong>nou</strong></span> 
     </span>
     <span class='ocr_line' id='line_1_25' title="bbox 344 3415 1737 3519; baseline -0.003 -27"><span class='ocrx_word' id='word_1_217' title='bbox 344 3417 557 3513; x_wconf 81' lang='lat' dir='ltr'><strong>seeundnm&#39;,</strong></span> <span class='ocrx_word' id='word_1_218' title='bbox 593 3421 656 3495; x_wconf 88' lang='lat' dir='ltr'><strong>sed</strong></span> <span class='ocrx_word' id='word_1_219' title='bbox 684 3419 830 3494; x_wconf 88' lang='lat' dir='ltr'><strong>alterum</strong></span> <span class='ocrx_word' id='word_1_220' title='bbox 862 3420 985 3516; x_wconf 67' lang='lat' dir='ltr'><strong>deeras,</strong></span> <span class='ocrx_word' id='word_1_221' title='bbox 1021 3445 1093 3519; x_wconf 90' lang='lat' dir='ltr'><strong>quo</strong></span> <span class='ocrx_word' id='word_1_222' title='bbox 1117 3429 1260 3493; x_wconf 84' lang='lat' dir='ltr'><strong>auctore</strong></span> <span class='ocrx_word' id='word_1_223' title='bbox 1285 3415 1385 3492; x_wconf 90' lang='lat' dir='ltr'><strong>malti</strong></span> <span class='ocrx_word' id='word_1_224' title='bbox 1408 3429 1445 3492; x_wconf 87' lang='lat' dir='ltr'><strong>et</strong></span> <span class='ocrx_word' id='word_1_225' title='bbox 1468 3421 1504 3492; x_wconf 92' lang='lat' dir='ltr'><strong>in</strong></span> <span class='ocrx_word' id='word_1_226' title='bbox 1528 3417 1616 3492; x_wconf 86' lang='lat' dir='ltr'><strong>urbe</strong></span> <span class='ocrx_word' id='word_1_227' title='bbox 1642 3428 1677 3492; x_wconf 91' lang='lat' dir='ltr'><strong>et</strong></span> <span class='ocrx_word' id='word_1_228' title='bbox 1699 3420 1737 3489; x_wconf 90' lang='lat' dir='ltr'><strong>in</strong></span> 
     </span>
     <span class='ocr_line' id='line_1_26' title="bbox 343 3541 1737 3643; baseline -0.001 -27"><span class='ocrx_word' id='word_1_229' title='bbox 343 3545 520 3643; x_wconf 77' lang='lat' dir='ltr'><strong>provincia</strong></span> <span class='ocrx_word' id='word_1_230' title='bbox 549 3543 623 3618; x_wconf 77' lang='lat' dir='ltr'><strong>heu</strong></span> <span class='ocrx_word' id='word_1_231' title='bbox 648 3547 761 3618; x_wconf 86' lang='lat' dir='ltr'><strong>studia</strong></span> <span class='ocrx_word' id='word_1_232' title='bbox 785 3546 973 3621; x_wconf 81' lang='lat' dir='ltr'><strong>recoluisse</strong></span> <span class='ocrx_word' id='word_1_233' title='bbox 997 3547 1167 3620; x_wconf 82' lang='lat' dir='ltr'><strong>videntur.</strong></span> <span class='ocrx_word' id='word_1_234' title='bbox 1219 3545 1269 3616; x_wconf 78' lang='lat' dir='ltr'><strong>Et</strong></span> <span class='ocrx_word' id='word_1_235' title='bbox 1293 3555 1380 3643; x_wconf 87' lang='lat' dir='ltr'><strong>quot</strong></span> <span class='ocrx_word' id='word_1_236' title='bbox 1400 3545 1523 3619; x_wconf 79' lang='lat' dir='ltr'><strong>llomae</strong></span> <span class='ocrx_word' id='word_1_237' title='bbox 1547 3541 1737 3643; x_wconf 76' lang='lat' dir='ltr'><strong>discipulus</strong></span> 
     </span>
     <span class='ocr_line' id='line_1_27' title="bbox 342 3654 1738 3775; baseline -0.004 -32"><span class='ocrx_word' id='word_1_238' title='bbox 342 3679 380 3743; x_wconf 86' lang='lat' dir='ltr'><strong>et</strong></span> <span class='ocrx_word' id='word_1_239' title='bbox 403 3671 594 3742; x_wconf 84' lang='lat' dir='ltr'><strong>imitatores</strong></span> <span class='ocrx_word' id='word_1_240' title='bbox 618 3671 799 3764; x_wconf 83' lang='lat' dir='ltr'><strong>invenerit,</strong></span> <span class='ocrx_word' id='word_1_241' title='bbox 822 3670 939 3745; x_wconf 84' lang='lat' dir='ltr'><strong>Maius</strong></span> <span class='ocrx_word' id='word_1_242' title='bbox 964 3670 1066 3775; x_wconf 82' lang='lat' dir='ltr'><strong>doute</strong></span> <span class='ocrx_word' id='word_1_243' title='bbox 1091 3671 1271 3768; x_wconf 71' lang='lat' dir='ltr'><strong>exposuit,</strong></span> <span class='ocrx_word' id='word_1_244' title='bbox 1304 3668 1367 3754; x_wconf 85' lang='lat' dir='ltr'><strong>sed</strong></span> <span class='ocrx_word' id='word_1_245' title='bbox 1396 3695 1442 3743; x_wconf 82' lang='lat' dir='ltr'><strong>ex</strong></span> <span class='ocrx_word' id='word_1_246' title='bbox 1474 3654 1645 3742; x_wconf 78' lang='lat' dir='ltr'><strong>Afrorum</strong></span> <span class='ocrx_word' id='word_1_247' title='bbox 1673 3693 1738 3738; x_wconf 90' lang='lat' dir='ltr'><strong>nn·</strong></span> 
     </span>
     <span class='ocr_line' id='line_1_28' title="bbox 343 3787 1737 3892; baseline -0.004 -23"><span class='ocrx_word' id='word_1_248' title='bbox 343 3816 439 3869; x_wconf 85' lang='lat' dir='ltr'><strong>mero</strong></span> <span class='ocrx_word' id='word_1_249' title='bbox 464 3804 592 3892; x_wconf 87' lang='lat' dir='ltr'><strong>praeter</strong></span> <span class='ocrx_word' id='word_1_250' title='bbox 616 3787 866 3867; x_wconf 86' lang='lat' dir='ltr'><strong>Terentianum</strong></span> <span class='ocrx_word' id='word_1_251' title='bbox 891 3791 1055 3868; x_wconf 86' lang='lat' dir='ltr'><strong>Maurum</strong></span> <span class='ocrx_word' id='word_1_252' title='bbox 1079 3803 1115 3866; x_wconf 85' lang='lat' dir='ltr'><strong>et</strong></span> <span class='ocrx_word' id='word_1_253' title='bbox 1138 3791 1351 3890; x_wconf 80' lang='lat' dir='ltr'><strong>Appuleium</strong></span> <span class='ocrx_word' id='word_1_254' title='bbox 1368 3793 1638 3869; x_wconf 80' lang='lat' dir='ltr'><strong>Madaurensem</strong></span> <span class='ocrx_word' id='word_1_255' title='bbox 1662 3793 1737 3864; x_wconf 83' lang='lat' dir='ltr'><strong>Eu·</strong></span> 
     </span>
     <span class='ocr_line' id='line_1_29' title="bbox 338 3915 1737 4019; baseline -0.003 -28"><span class='ocrx_word' id='word_1_256' title='bbox 338 3917 475 4019; x_wconf 71' lang='lat' dir='ltr'><strong>tgehius</strong></span> <span class='ocrx_word' id='word_1_257' title='bbox 500 3917 674 3991; x_wconf 85' lang='lat' dir='ltr'><strong>Proculus</strong></span> <span class='ocrx_word' id='word_1_258' title='bbox 699 3917 887 4010; x_wconf 85' lang='lat' dir='ltr'><strong>Sieoensis,</strong></span> <span class='ocrx_word' id='word_1_259' title='bbox 912 3917 954 3991; x_wconf 88' lang='lat' dir='ltr'><strong>G.</strong></span> <span class='ocrx_word' id='word_1_260' title='bbox 978 3915 1154 4016; x_wconf 84' lang='lat' dir='ltr'><strong>Sulpicius</strong></span> <span class='ocrx_word' id='word_1_261' title='bbox 1178 3915 1407 4014; x_wconf 78' lang='lat' dir='ltr'><strong>Apollinaris,</strong></span> <span class='ocrx_word' id='word_1_262' title='bbox 1432 3929 1468 3992; x_wconf 90' lang='lat' dir='ltr'><strong>et</strong></span> <span class='ocrx_word' id='word_1_263' title='bbox 1494 3919 1545 3990; x_wconf 83' lang='grc' dir='ltr'><strong>Μ.</strong></span> <span class='ocrx_word' id='word_1_264' title='bbox 1569 3915 1737 3990; x_wconf 79' lang='lat' dir='ltr'><strong>Aurelius</strong></span> 
     </span>
     <span class='ocr_line' id='line_1_30' title="bbox 301 4035 1737 4143; baseline -0.005 -27"><span class='ocrx_word' id='word_1_265' title='bbox 301 4047 303 4052; x_wconf 75' lang='grc'><em>’</em></span> <span class='ocrx_word' id='word_1_266' title='bbox 341 4035 781 4143; x_wconf 56' lang='grc' dir='ltr'><strong>θΙςωμίιιεζΝοωεείιηω</strong></span> <span class='ocrx_word' id='word_1_267' title='bbox 807 4039 1126 4139; x_wconf 83' lang='lat' dir='ltr'><strong>Carthaginiensis,</strong></span> <span class='ocrx_word' id='word_1_268' title='bbox 1158 4051 1193 4114; x_wconf 92' lang='lat' dir='ltr'><strong>et</strong></span> <span class='ocrx_word' id='word_1_269' title='bbox 1216 4039 1353 4114; x_wconf 85' lang='lat' dir='ltr'><strong>Nonius</strong></span> <span class='ocrx_word' id='word_1_270' title='bbox 1377 4039 1567 4114; x_wconf 83' lang='lat' dir='ltr'><strong>Mareellns</strong></span> <span class='ocrx_word' id='word_1_271' title='bbox 1592 4038 1737 4112; x_wconf 80' lang='lat' dir='ltr'><strong>Tabur-</strong></span> 
     </span>
     <span class='ocr_line' id='line_1_31' title="bbox 339 4163 1738 4264; baseline -0.003 -25"><span class='ocrx_word' id='word_1_272' title='bbox 339 4168 483 4240; x_wconf 83' lang='lat' dir='ltr'><strong>sioensis</strong></span> <span class='ocrx_word' id='word_1_273' title='bbox 515 4163 761 4240; x_wconf 78' lang='lat' dir='ltr'><strong>inclaruerunt.</strong></span> <span class='ocrx_word' id='word_1_274' title='bbox 812 4164 888 4240; x_wconf 85' lang='lat' dir='ltr'><strong>Sed</strong></span> <span class='ocrx_word' id='word_1_275' title='bbox 920 4191 997 4264; x_wconf 77' lang='lat' dir='ltr'><strong>quae</strong></span> <span class='ocrx_word' id='word_1_276' title='bbox 1031 4165 1171 4240; x_wconf 79' lang='lat' dir='ltr'><strong>hrenmt</strong></span> <span class='ocrx_word' id='word_1_277' title='bbox 1202 4165 1341 4240; x_wconf 89' lang='lat' dir='ltr'><strong>illorum</strong></span> <span class='ocrx_word' id='word_1_278' title='bbox 1372 4164 1550 4242; x_wconf 88' lang='lat' dir='ltr'><strong>hominum</strong></span> <span class='ocrx_word' id='word_1_279' title='bbox 1581 4165 1738 4264; x_wconf 78' lang='lat' dir='ltr'><strong>ingenia,</strong></span> 
     </span>
     <span class='ocr_line' id='line_1_32' title="bbox 340 4285 1737 4390; baseline 0.001 -32"><span class='ocrx_word' id='word_1_280' title='bbox 340 4288 400 4389; x_wconf 92' lang='lat' dir='ltr'><strong>qoi</strong></span> <span class='ocrx_word' id='word_1_281' title='bbox 426 4291 537 4390; x_wconf 84' lang='lat' dir='ltr'><strong>magis</strong></span> <span class='ocrx_word' id='word_1_282' title='bbox 562 4287 600 4362; x_wconf 89' lang='lat' dir='ltr'><strong>ia</strong></span> <span class='ocrx_word' id='word_1_283' title='bbox 622 4287 781 4364; x_wconf 85' lang='lat' dir='ltr'><strong>oratione</strong></span> <span class='ocrx_word' id='word_1_284' title='bbox 800 4288 846 4362; x_wconf 90' lang='lat' dir='ltr'><strong>ad</strong></span> <span class='ocrx_word' id='word_1_285' title='bbox 859 4290 1082 4388; x_wconf 88' lang='lat' dir='ltr'><strong>antiquorum</strong></span> <span class='ocrx_word' id='word_1_286' title='bbox 1102 4293 1310 4388; x_wconf 78' lang='lat' dir='ltr'><strong>scriptorum</strong></span> <span class='ocrx_word' id='word_1_287' title='bbox 1325 4288 1528 4388; x_wconf 82' lang='lat' dir='ltr'><strong>exemplum</strong></span> <span class='ocrx_word' id='word_1_288' title='bbox 1537 4285 1737 4388; x_wconf 84' lang='lat' dir='ltr'><strong>effingenda</strong></span> 
     </span>
     <span class='ocr_line' id='line_1_33' title="bbox 341 4411 1734 4512; baseline -0.002 -26"><span class='ocrx_word' id='word_1_289' title='bbox 341 4421 378 4486; x_wconf 89' lang='lat' dir='ltr'><strong>et</strong></span> <span class='ocrx_word' id='word_1_290' title='bbox 403 4415 438 4484; x_wconf 91' lang='lat' dir='ltr'><strong>in</strong></span> <span class='ocrx_word' id='word_1_291' title='bbox 462 4411 615 4490; x_wconf 85' lang='lat' dir='ltr'><strong>llosenlis</strong></span> <span class='ocrx_word' id='word_1_292' title='bbox 642 4413 796 4512; x_wconf 90' lang='lat' dir='ltr'><strong>undique</strong></span> <span class='ocrx_word' id='word_1_293' title='bbox 821 4411 1003 4511; x_wconf 78' lang='lat' dir='ltr'><strong>carpendis</strong></span> <span class='ocrx_word' id='word_1_294' title='bbox 1031 4425 1066 4488; x_wconf 88' lang='lat' dir='ltr'><strong>et</strong></span> <span class='ocrx_word' id='word_1_295' title='bbox 1091 4411 1282 4490; x_wconf 86' lang='lat' dir='ltr'><strong>delibandis</strong></span> <span class='ocrx_word' id='word_1_296' title='bbox 1308 4421 1408 4487; x_wconf 87' lang='lat' dir='ltr'><strong>erant</strong></span> <span class='ocrx_word' id='word_1_297' title='bbox 1432 4416 1604 4511; x_wconf 78' lang='lat' dir='ltr'><strong>occupati,</strong></span> <span class='ocrx_word' id='word_1_298' title='bbox 1629 4435 1734 4511; x_wconf 86' lang='lat' dir='ltr'><strong>qnam</strong></span> 
     </span>
     <span class='ocr_line' id='line_1_34' title="bbox 338 4536 1734 4640; baseline -0.002 -29"><span class='ocrx_word' id='word_1_299' title='bbox 338 4547 376 4611; x_wconf 87' lang='lat' dir='ltr'><strong>ut</strong></span> <span class='ocrx_word' id='word_1_300' title='bbox 399 4540 466 4638; x_wconf 85' lang='lat' dir='ltr'><strong>ipsi</strong></span> <span class='ocrx_word' id='word_1_301' title='bbox 494 4538 627 4612; x_wconf 84' lang='lat' dir='ltr'><strong>litteras</strong></span> <span class='ocrx_word' id='word_1_302' title='bbox 654 4539 697 4611; x_wconf 86' lang='lat' dir='ltr'><strong>nh</strong></span> <span class='ocrx_word' id='word_1_303' title='bbox 723 4537 789 4612; x_wconf 88' lang='lat' dir='ltr'><strong>illis</strong></span> <span class='ocrx_word' id='word_1_304' title='bbox 814 4549 975 4640; x_wconf 80' lang='lat' dir='ltr'><strong>acceptas</strong></span> <span class='ocrx_word' id='word_1_305' title='bbox 1001 4541 1201 4617; x_wconf 81' lang='lat' dir='ltr'><strong>excolerent</strong></span> <span class='ocrx_word' id='word_1_306' title='bbox 1234 4550 1339 4639; x_wconf 89' lang='lat' dir='ltr'><strong>atque</strong></span> <span class='ocrx_word' id='word_1_307' title='bbox 1365 4536 1632 4638; x_wconf 82' lang='lat' dir='ltr'><strong>amplitioarent,</strong></span> <span class='ocrx_word' id='word_1_308' title='bbox 1665 4539 1734 4608; x_wconf 81' lang='lat' dir='ltr'><strong>iam</strong></span> 
     </span>
    </p>
   </div>
   <div class='ocr_carea' id='block_1_8' title="bbox 0 0 1842 5250">
    <p class='ocr_par' dir='ltr' id='par_1_8' title="bbox 0 0 1842 5250">
     <span class='ocr_line' id='line_1_35' title="bbox 0 0 1842 5250; baseline 0 3"><span class='ocrx_word' id='word_1_309' title='bbox 0 0 1842 5250; x_wconf 95' lang='lat' dir='ltr'><strong> </strong></span> 
     </span>
    </p>
   </div>
  </div>
 </body>
</html>
