3674 5250
325 393 430 444 mlv

325 552 414 644 sint,
450 559 489 623 ut
512 548 572 622 vet
593 551 803 647 scriptorum
829 533 927 624 locos
953 551 1138 624 testimonii
1163 573 1268 623 eausa
1293 545 1430 622 additos
1456 549 1655 638 omiserint,
1689 546 1728 619 id

326 671 424 772 quod
449 671 579 744 factum
605 681 659 745 est
682 673 874 770 praesertim
898 674 935 742 in
960 681 1114 745 extrema
1138 672 1384 771 Expositionc‚
1409 679 1532 744 eontra
1562 669 1727 768 vulgares

325 798 454 896 integri
490 793 689 889 videantur,
725 806 819 872 certe
861 822 881 870 e
917 794 1014 870 libris
1047 796 1187 872 alterius
1219 799 1337 898 stirpis
1380 819 1553 894 nusquam
1588 795 1728 893 possint

219 928 231 936 “
325 915 555 1020 probabiliter
579 917 724 1018 expleri,
758 922 914 1018 sequitur
949 931 988 996 ut
1020 921 1145 994 borum
1180 920 1376 994 auctoritati
1411 915 1524 995 editur
1558 917 1637 1016 plus
1666 919 1727 990 tn·-

326 1040 435 1116 buere
462 1041 598 1118 debeat.
646 1043 741 1114 'l'nm
758 1047 1018 1143 comparatione
1043 1047 1134 1117 inter
1159 1046 1256 1142 ipsos
1278 1045 1434 1116 instituta
1451 1044 1604 1116 omnium
1621 1039 1726 1114 incide

324 1177 363 1239 ut
389 1165 647 1268 antiquissimus
672 1168 720 1238 itu
745 1169 896 1264 optimus
919 1165 1105 1242 Leideusis
1131 1165 1244 1241 codex
1255 1160 1440 1240 Munclreri
1462 1143 1540 1238 esse
1564 1159 1727 1260 inteiligi-

323 1300 393 1383 tur‚
414 1315 518 1388 quem
549 1289 678 1362 ideirco
703 1288 909 1387 plerumque
934 1289 1196 1388 exprimendum
1219 1289 1454 1362 iudicavimus.

425 1417 495 1488 His
518 1411 659 1512 quidem
682 1412 887 1488 adiumentis
910 1417 1068 1488 instructi
1092 1439 1218 1490 noram
1249 1415 1355 1489 Nonii
1389 1411 1550 1488 Marcelli
1584 1423 1620 1486 et
1642 1409 1728 1482 Ful·

328 1540 437 1638 geutii
462 1535 648 1610 editionem
672 1539 893 1636 paravimus,
925 1562 997 1612 uon
1030 1539 1166 1638 ignari,
1203 1537 1310 1610 muita
1342 1536 1445 1611 nobis
1481 1536 1654 1628 defuisse,
1688 1545 1730 1606 ut

330 1671 451 1739 uestra
483 1689 590 1762 opera
613 1665 661 1768 ,⁵¹¹
693 1662 747 1734 his
784 1662 1012 1762 scriptoribus
1045 1661 1187 1738 edendis
1221 1664 1323 1738 tieret
1358 1663 1589 1754 fructuosior3
1622 1686 1731 1760 quam

290 1849 295 1870 ,
331 1785 471 1886 quidem
495 1789 642 1862 maxime
667 1790 804 1890 integra
830 1786 959 1861 codicis
982 1786 1164 1861 Harleiuui
1188 1799 1223 1862 et
1251 1785 1565 1886 montispessulani
1589 1785 1731 1862 collatio
1800 1853 1810 1868 ,

316 1913 449 1984 'iuvare
481 1913 614 2010 potuit3
650 1911 713 1985 sed
747 1912 791 1986 de
824 1911 885 1985 illo
919 1935 1000 1984 sero
1035 1913 1283 2011 cognovimus,
1318 1911 1412 2002 bunc
1437 1912 1633 1984 examinare
1657 1935 1733 1984 uon

330 2033 436 2108 licuit.
486 2029 719 2108 Nihilominus
744 2047 862 2108 tomen
890 2059 963 2107 non
988 2043 1066 2106 aeta
1091 2036 1205 2134 egisse
1229 2031 1442 2126 videbimur,
1474 2045 1511 2108 et
1539 2059 1735 2134 speramus,

333 2157 391 2232 vel
415 2169 498 2257 post
521 2157 759 2232 Merceriunas
785 2181 885 2229 curas
922 2155 1108 2232 editionem
1140 2166 1295 2230 nostram
1328 2183 1400 2230 non
1432 2155 1510 2230 fore
1542 2154 1735 2254 indignum,

336 2306 442 2380 quam
466 2277 623 2353 homines
649 2279 743 2352 docti
768 2277 960 2352 consulant
1014 2277 1106 2350 Nam
1137 2305 1231 2352 nunc
1261 2277 1399 2352 demum
1422 2277 1643 2354 manifestum
1667 2291 1738 2372 est,

338 2403 486 2502 quaesit
511 2405 677 2502 euinque
712 2403 871 2478 lectionis
905 2405 1095 2478 auotoritas
1127 2415 1165 2477 et
1195 2402 1289 2477 uude
1324 2415 1431 2478 tantae
1463 2403 1533 2478 ilic
1556 2405 1737 2504 scripturae

339 2525 580 2625 discrepatio
604 2527 773 2626 proiectae
795 2531 875 2602 sint

241 2691 244 2705 ·
320 2675 325 2688 ¹
438 2651 483 2724 ln
509 2649 714 2752 colligendis
739 2651 1035 2753 excerpendisque
1055 2651 1231 2744 subsidiis,
1255 2677 1336 2752 quio
1358 2651 1623 2736 adornandam
1647 2651 1740 2726 banc

324 2773 527 2876 'editionem
551 2778 726 2874 pertinere
751 2775 970 2870 videbantur,
994 2802 1073 2850 eum
1095 2801 1168 2850 non
1192 2775 1388 2874 indiligenti
1420 2799 1475 2849 me
1507 2801 1616 2875 opera
1646 2774 1742 2848 adiu-

343 2898 449 2970 visset
463 2896 616 2975 Rctbius
633 2925 753 3002 meus,x
769 2899 950 2999 digerendi
974 2911 1010 2972 et
1043 2898 1168 2976 edendi
1199 2897 1330 2972 laboris
1363 2901 1411 2970 ita
1444 2902 1535 2972 iuter
1565 2925 1632 2976 uos
1661 2923 1743 2996 par·

345 3021 397 3090 titi
423 3045 542 3092 sumus
565 3023 793 3120 provinciam,
818 3033 857 3094 ut
874 3022 949 3096 fere
968 3020 1141 3094 dimidiam
1166 3022 1283 3122 operis
1307 3033 1457 3120 partem,
1480 3023 1588 3098 Nonii
1612 3047 1687 3122 cup.
1712 3023 1744 3096 1.

347 3153 383 3216 et
405 3140 471 3217 lv.
488 3154 524 3218 et
547 3143 716 3244 prrefandi
741 3145 912 3238 officium,
936 3148 1011 3244 ipse
1037 3147 1262 3246 susciperem,
1287 3146 1458 3245 reliquam
1477 3157 1613 3245 partem
1636 3145 1745 3220 Nonii

348 3279 383 3340 et
406 3266 633 3367 Fulgentium
650 3269 850 3368 iudicesque
875 3271 990 3343 socius
1015 3269 1222 3345 absolveret.
1272 3270 1348 3345 Sed
1364 3270 1439 3343 baec
1455 3269 1586 3346 laboris
1603 3271 1747 3370 pertitio

348 3389 426 3463 talis
451 3389 535 3483 suit,
560 3403 600 3464 ut
623 3391 757 3466 salvum
782 3395 961 3495 utriusque
988 3408 1081 3470 esset
1104 3396 1267 3470 iudicium
1293 3406 1328 3469 et
1351 3397 1491 3493 utrique
1516 3396 1748 3486 coniecturas,

350 3523 386 3586 et
411 3517 441 3587 si
466 3541 543 3614 quae
559 3515 659 3590 aliter
676 3519 709 3589 ei
721 3517 933 3612 viderentur,
949 3517 1147 3593 adscribere
1166 3519 1296 3592 liceret.
1346 3517 1478 3591 iunctis
1496 3521 1601 3620 igitur
1617 3518 1750 3591 viribus

351 3663 425 3710 rem
449 3641 608 3738 aggressi
632 3665 764 3735 sumus,
788 3642 1015 3716 Homericum
1051 3641 1138 3714 illud
1184 3644 1315 3734 secuti,
1358 3641 1417 3715 cdv
1439 3670 1475 3714 τε
1499 3637 1550 3714 δύ’
1575 3643 1750 3736 ἐρχομένω.

353 3759 461 3838 Cuius
484 3761 624 3860 quidem
649 3761 826 3862 proverbii
857 3767 909 3838 vis
941 3769 971 3838 si
997 3777 1117 3838 nostra
1141 3789 1223 3837 eura
1250 3761 1547 3865 comprobabitur,
1573 3761 1620 3834 nii
1646 3761 1753 3836 nobis

353 3885 486 3983 gratius
510 3884 586 3958 tisri
611 3891 748 3984 poterit.

433 4063 549 4127 Dabam
569 4065 691 4130 Basiliae
712 4067 779 4133 ital.
802 4071 901 4154 April.
924 4093 1100 4134 uncccxrrr.

1233 4233 1309 4316 un.
1339 4233 1448 4318 Dua.
1477 4229 1698 4316 Gmnacs.
