3674 5250
312 351 371 396 vm

308 503 474 602 liquidum
500 502 642 600 perduci
677 526 747 575 non
781 515 905 600 potest
957 505 998 576 ld
1023 485 1266 578 suus'consnt
1301 503 1533 579 'l'nbursicum
1559 512 1593 579 iu
1618 509 1688 582 Nu-

307 626 410 700 midia
437 651 527 699 nova
554 653 623 699 nou
648 625 770 724 procul
794 651 814 698 a
835 625 940 700 lluvio
956 630 1137 726 Ampsaga
1153 630 1254 700 situm
1269 631 1422 728 episcopi
1441 629 1558 704 sedem
1573 633 1690 704 luisse.
1760 684 1762 697 .

310 749 386 824 Sed
411 773 482 848 quo
506 759 663 846 tempore
691 749 827 823 colonia
852 749 998 822 deductu
1023 763 1083 823 aut
1108 751 1238 825 civibus
1264 763 1299 825 ct
1322 751 1526 828 Christianis
1552 755 1688 854 quidem
1760 764 1762 779 '

311 887 383 947 tum
409 885 509 946 aucta
533 874 650 964 luerit,
674 885 712 946 ut
735 877 889 973 episcopi
912 874 1013 948 sedes
1037 877 1129 948 lacta
1152 878 1216 966 sit,
1243 901 1367 968 parum
1392 889 1603 975 compertum
1627 889 1689 950 est

308 999 399 1072 Nam
424 1026 501 1075 cum
524 1000 604 1073 inde
636 1027 656 1072 a
682 1000 770 1073 lulio
794 1001 933 1074 Gaesare
958 999 1138 1092 dictitare,
1166 1003 1344 1100 Augrrsto,
1370 1001 1529 1093 Claudio,
1556 1001 1689 1098 Vespa·

309 1123 421 1213 siano,
444 1123 635 1214 Antonino,
667 1119 882 1214 Commodo,
913 1119 1047 1194 Severo
1078 1119 1220 1195 colonie
1246 1111 1369 1195 civium
1391 1125 1629 1196 Romanorum
1655 1126 1689 1194 in

310 1244 431 1316 Africa
475 1247 668 1318 constitutos
705 1248 795 1336 sint,
834 1239 910 1336 (err.
943 1244 1034 1315 Plin.
1071 1245 1114 1316 N.
1150 1248 1197 1317 fl.
1231 1271 1262 1328 Ac.
1292 1243 1403 1318 l—d.
1448 1258 1483 1320 et
1515 1247 1689 1342 luscriptt.

308 1393 413 1467 supra
433 1361 593 1458 laudatae)
619 1367 654 1438 id
675 1366 787 1438 solum
803 1363 1030 1464 probabiliter
1047 1367 1163 1466 colligi
1178 1393 1283 1466 posse
1299 1367 1447 1459 videtur,
1459 1367 1691 1440 Tubursieum

308 1492 345 1561 in
369 1489 530 1561 Numidia
551 1514 641 1561 nova
667 1489 712 1561 ab
738 1487 889 1562 eiusdem
914 1491 1061 1562 nominis
1086 1489 1223 1561 civitate
1247 1492 1281 1560 iu
1305 1493 1482 1587 provincia
1503 1517 1691 1590 proconsu-

310 1610 374 1684 lari
396 1615 493 1685 initio
519 1610 662 1686 secundi
687 1620 768 1708 post
792 1611 934 1686 Cbr.·n.
967 1611 1084 1684 secenli
1117 1599 1286 1684 coloniam
1320 1609 1501 1686 deductum
1527 1623 1563 1686 et
1588 1617 1689 1698 tertio

309 1735 437 1809 seculo
461 1739 600 1809 ineunte
624 1738 778 1833 episcopi
805 1734 922 1808 sedem
945 1733 1072 1808 laetam
1094 1735 1224 1827 fuisse,
1258 1738 1388 1834 qnippe
1413 1761 1517 1834 quam
1546 1735 1689 1834 Cypria·
1762 1756 1765 1771 ¹

312 1883 379 1931 uus
402 1863 468 1932 iam
494 1863 825 1950 commemoraverit,
849 1863 878 1930 si
903 1861 1042 1958 quidem
1072 1853 1249 1932 tabum
1273 1859 1518 1934 Commodum
1543 1873 1578 1934 et
1597 1859 1690 1932 Tub.

311 1983 450 2057 Numid.
473 1983 563 2057 idem
588 1983 751 2082 oppidum
777 1983 946 2082 designet.
992 1983 1094 2057 Alius
1130 1987 1313 2082 episcopus
1347 2009 1367 2054 a
1399 1982 1593 2056 Tubursica
1620 1985 1691 2056 Nu-

309 2105 489 2179 midiurum
531 2131 622 2180 anuo
663 2107 856 2182 ccccxl.
899 2111 1115 2197 nominatur,
1153 2110 1215 2181 cl'r.
1248 2107 1393 2182 collem
1428 2108 1561 2183 Coucil.
1596 2109 1691 2180 Max.

310 2227 392 2302 vot
417 2227 482 2300 lv.
513 2255 548 2327 p.
575 2227 666 2302 259.
700 2242 737 2303 et
760 2229 853 2328 apud
877 2233 1112 2330 Augustinum
1136 2243 1172 2304 ct
1194 2232 1230 2300 iu
1255 2233 1340 2302 actis
1365 2229 1598 2305 Conciliorum
1622 2230 1689 2302 Ed

310 2353 424 2426 Paris.
455 2353 540 2426 xll.
565 2353 659 2427 Voll.
692 2356 728 2424 iu
764 2353 883 2426 ludice
922 2351 1178 2428 stacam
1209 2357 1429 2451 episcopatus
1464 2357 1498 2425 in
1530 2351 1691 2426 Numidia

308 2477 437 2572 saepius
464 2480 621 2550 occurrit.

405 2599 451 2672 lu
476 2599 544 2674 boc
568 2603 673 2703 igitur
698 2602 827 2703 oppido
852 2601 985 2676 Noni·
1004 2601 1191 2674 Marcellus
1217 2612 1317 2674 natus
1341 2585 1417 2676 esse
1442 2601 1596 2693 videtur,
1620 2625 1688 2672 non

310 2735 391 2798 aute
416 2749 543 2796 anuum
566 2725 610 2798 L.
634 2727 749 2801 seculi
774 2725 929 2816 secundi,
954 2723 1105 2822 quodA„
1131 2721 1294 2817 Gellium,
1320 2727 1379 2823 qui
1405 2723 1536 2797 Noctes
1555 2725 1690 2794 Atticas

227 2923 236 2938 ⁸
310 2849 400 2918 iutra
434 2871 543 2920 annos
578 2845 643 2920 GL
678 2861 713 2922 ct
743 2845 884 2922 CLXV
915 2844 1112 2918 elaborasse
1147 2845 1321 2944 putandus
1353 2859 1424 2938 est,
1462 2845 1574 2919 multis
1604 2843 1690 2916 locis

311 2967 502 3070 exscripsit.
552 2969 789 3042 Posteriorem
822 2980 936 3040 autern
959 2967 1138 3066 Appuleio
1163 2968 1314 3041 Nonium
1340 2969 1457 3060 fluisse,
1490 2967 1570 3040 inde
1596 2963 1690 3038 colli·

311 3099 417 3192 gunt,
441 3089 537 3190 quod
571 3117 649 3164 cum
672 3117 742 3164 uno
769 3089 847 3163 loco
872 3088 1035 3182 laudavit,
1060 3089 1122 3161 cfr.
1148 3115 1182 3187 p.
1203 3083 1258 3161 ts
1280 3115 1310 3159 a.
1340 3101 1465 3162 nostrae
1500 3089 1579 3162 edit.
1617 3087 1692 3161 Sed

310 3227 391 3289 aute
414 3239 492 3290 saec
518 3215 627 3289 vleuu
651 3212 797 3286 eundem
818 3215 944 3284 vixisae
964 3215 1159 3286 testimonio
1177 3223 1241 3302 cst,
1267 3212 1362 3310 quod
1378 3217 1452 3312 ipse
1472 3237 1492 3283 a
1510 3213 1691 3285 Prisciano

310 3338 490 3433 laudatur,
523 3341 586 3414 clr.
629 3338 708 3413 edit.
741 3337 862 3412 ltrehl.
896 3363 930 3436 p.
949 3334 1013 3408 dd.
1038 3333 1131 3408 978.
1154 3333 1246 3408 477.
1278 3337 1384 3411 Nonii
1419 3340 1525 3436 igitur
1555 3349 1690 3409 etatem

310 3466 500 3535 accuratius
543 3461 804 3551 delinientibus,
848 3463 878 3534 si
917 3458 1011 3532 nullu
1054 3457 1190 3532 aliunde
1233 3470 1436 3560 argumenta
1473 3461 1693 3549 accesserint,

311 3589 407 3685 optio
435 3586 650 3686 relinquitur,
675 3597 788 3659 utrum
813 3587 915 3658 tertio
947 3609 991 3655 au
1017 3597 1142 3683 quarto
1167 3611 1211 3654 au
1237 3587 1358 3683 quinto
1391 3611 1468 3656 eum
1494 3583 1619 3657 saeculo
1644 3586 1692 3653 vi·

310 3713 402 3784 uisse
427 3707 556 3782 malint.
604 3713 679 3783 lam
700 3711 773 3785 ⁴boc
797 3714 967 3783 nemiuem
1001 3709 1111 3808 fugit,
1146 3735 1220 3782 rem
1255 3735 1331 3782 esse
1362 3709 1405 3780 ad
1439 3707 1691 3781 diiudicandum

309 3832 553 3924 difficillimam,
578 3837 755 3932 scriptoris
781 3843 916 3907 atatem
952 3835 1175 3921 constituere,
1200 3830 1364 3906 de‘cuius
1389 3829 1610 3930 parentibus,
1634 3855 1692 3900 na-

310 3953 449 4047 talibus,
473 3955 542 4027 vita
567 3967 602 4028 ct
626 3955 778 4029 moribus
805 3955 852 4026 nil
879 3954 982 4053 plane
1006 3957 1203 4027 innotuerit.
1241 3956 1323 4051 lpsa
1347 3964 1460 4026 autem
1486 3955 1609 4042 oratio,
1637 3955 1691 4024 cni

306 4077 466 4152 homiues
491 4078 584 4151 docti
608 4079 790 4176 plurimum
814 4079 966 4153 tribuere
991 4079 1121 4168 solent,
1137 4083 1211 4151 'vix
1237 4065 1363 4150 minimi
1391 4082 1552 4151 momenti
1584 4081 1693 4148 instar

310 4205 346 4273 in
372 4228 414 4275 eo
440 4201 529 4277 libro
556 4202 684 4277 babere
710 4215 846 4303 potest,
881 4207 941 4303 qni
976 4203 1023 4274 uil
1054 4203 1146 4276 uliud
1180 4227 1282 4302 quum
1316 4203 1460 4275 aliorum
1485 4203 1691 4298 scriptorum

310 4324 416 4400 verba
445 4327 605 4426 explicat,
631 4338 666 4400 et
689 4329 724 4396 iu
748 4327 990 4425 vulgatissimis
1015 4328 1240 4425 interpretum
1266 4323 1399 4398 dicendi
1430 4323 1585 4397 formulis
1611 4347 1692 4394 uon·

217 4439 221 4446 ¹
311 4453 447 4526 tinctor.
483 4453 563 4527 Nou
588 4457 710 4526 mirum
734 4455 853 4551 igitur,
877 4451 971 4550 quod
997 4449 1152 4526 bomines
1181 4449 1285 4542 docti,
1312 4453 1371 4548 qui
1389 4449 1578 4519 litterarum
1595 4447 1692 4517 Lati·
1782 4460 1784 4499 ἱ

1572 5227 1692 5231 ώ-
1741 5046 1789 5232 l
