3674 5250
1444 443 1519 488 xvir

130 605 213 675 sotis
248 601 355 699 polita
388 612 424 672 et
456 597 636 696 eleganter
679 593 768 670 dioto
803 595 909 666 fuisse
944 592 1195 691 comprobavit.
1232 539 1363 695 ¹Atque
1396 621 1441 670 ex
1466 621 1521 686 eo,

130 753 208 829 quar
235 737 289 800 est
312 730 348 798 in
372 727 441 799 hoe
468 723 581 820 rapite
608 719 794 794 verborum
816 719 965 810 electio,
998 720 1147 794 fortasse
1172 717 1319 810 facilius,
1345 745 1450 818 quam
1474 745 1520 793 ex
1568 775 1572 788 .

129 877 320 949 paucorum
346 849 533 923 verborum
557 845 760 938 insolentia,
793 844 920 944 quibus
943 848 1020 942 ipse
1044 869 1127 916 usus
1152 856 1219 934 est,
1244 849 1412 944 cognosci
1442 857 1526 944 potr

130 976 217 1067 erit,
250 984 417 1073 quantum
450 969 539 1042 illius
567 971 676 1040 omos
702 970 813 1042 oratio
840 993 861 1039 a
885 979 1042 1040 vetorum
1066 969 1273 1064 suriptorum
1297 993 1385 1065 pura
1410 981 1450 1042 et
1469 972 1524 1046 iu·.

130 1111 293 1198 corrupta
319 1095 566 1172 consuetudine
590 1092 727 1167 dioeudi
754 1095 947 1165 recesserit.
995 1092 1112 1184 Quam
1139 1092 1230 1163 enim
1254 1091 1355 1164 aliam
1380 1117 1518 1164 causum

130 1223 235 1296 fuisse
261 1225 396 1312 statuis,
420 1220 515 1318 quod
539 1231 661 1292 auctor
685 1218 792 1292 verbu
816 1221 1003 1318 antiquari,
1027 1219 1182 1306 bustum,
1207 1217 1376 1308 dalmatio,
1400 1244 1519 1316 eoquo-

129 1375 218 1438 meo,
244 1346 417 1434 demoliri,
442 1368 622 1432 exornare,
646 1367 834 1438 exponere,
859 1366 985 1450 ¹ostreno,
1009 1342 1128 1429 cordi,
1161 1342 1319 1428 tonsuri,
1352 1340 1520 1430 contrudi,

129 1473 325 1557 restructio,
345 1493 364 1540 e
387 1469 534 1566 reqioae,
552 1467 809 1561 mmeriputum,
830 1463 1088 1560 somidulosus,
1112 1462 1295 1561 qratrrluri,
1319 1453 1519 1561 gratificum,

128 1595 307 1687 impotens,
332 1587 544 1687 infitiatmr,
567 1587 768 1676 mutuato,
794 1585 935 1683 officere,
957 1595 1071 1680 potuis,
1096 1585 1245 1674 ructatis,
1269 1587 1355 1679 odo,
1379 1589 1519 1674 vanior,

128 1717 200 1784 suis
230 1711 417 1812 aequalibus
451 1707 655 1806 explicanda
680 1733 757 1780 esso
783 1708 928 1796 censuit,
951 1731 1062 1802 eaque
1087 1704 1234 1778 honesta
1259 1717 1295 1778 et
1319 1732 1409 1778 nove
1428 1705 1518 1776 diota

128 1863 206 1910 osse
239 1836 442 1910 testimoniis
473 1834 695 1929 antiquorum
727 1833 935 1928 scriptorum
969 1828 1146 1902 ostendit?
1195 1830 1245 1900 Et
1276 1829 1345 1903 hoe
1380 1829 1519 1926 quidem

129 1961 273 2035 oonsilio
298 1962 412 2034 omniu
436 1957 496 2030 illa
520 1955 690 2031 vocabula
708 1955 885 2028 illustram
909 1955 1037 2047 fuisse,
1072 1981 1117 2026 ex
1140 1981 1184 2027 eo
1208 1953 1426 2026 manifestum
1453 1965 1518 2042 est,

127 2085 223 2184 quod
251 2087 353 2156 etium
378 2086 591 2181 antiquiores
614 2082 800 2157 vorborum
825 2083 969 2174 formas,
1004 2083 1179 2155 utromodo
1203 2107 1269 2178 pro
1294 2081 1518 2168 abscondidit,

125 2213 271 2302 danunt,
296 2213 480 2300 correctius,
505 2219 641 2299 comest,
665 2207 854 2280 admiscuit.
873 2251 910 2266 -ι
928 2209 1160 2305 Inscriptione
1186 2205 1307 2302 eapitis
1330 2203 1438 2293 sexti,
1475 2205 1519 2276 do'

125 2337 334 2431 impropriis,
357 2333 461 2406 facile
485 2333 608 2432 aliquis
634 2333 757 2406 adduci
778 2335 902 2442 possit,
925 2345 965 2404 ut
989 2343 1101 2430 putet,
1127 2330 1171 2404 de
1195 2329 1321 2428 quibus
1346 2327 1415 2400 hoo
1437 2325 1516 2399 loco

125 2461 238 2557 egerit
262 2471 403 2552 auctor,
435 2480 475 2533 ea
508 2459 611 2558 plane
637 2483 714 2532 esse
740 2459 912 2530 contraria
937 2459 1038 2554 primi
1064 2457 1185 2554 eapitis
1214 2449 1517 2551 disquisitionibus.

125 2581 201 2655 Sed
229 2584 350 2656 eadem
374 2584 448 2657 fere
474 2585 595 2676 huius,
619 2611 697 2683 quae
724 2583 959 2658 antecedentis
984 2585 1105 2680 capitis
1132 2593 1185 2655 est
1209 2582 1308 2652 ratio.
1357 2576 1517 2667 Quorum

126 2706 218 2775 enim
249 2704 436 2776 verborum
467 2705 634 2776 translatu
668 2706 874 2804 significatio
909 2729 979 2776 suar
1014 2706 1124 2776 aetatis
1161 2700 1357 2774 hominibus
1392 2723 1515 2795 parum

126 2837 221 2898 eertu
247 2836 308 2897 aut
329 2829 507 2927 incognita
530 2828 613 2921 tuit,
647 2827 777 2918 easibi
801 2829 948 2924 sumpsit
971 2824 1184 2898 illustranda.
1232 2823 1308 2898 Sed
1332 2822 1405 2898 haeo
1430 2829 1516 2920 quo·

125 2977 195 3050 que
220 2953 402 3024 maximam
427 2963 562 3051 partem
587 2964 658 3026 tam
683 2952 847 3054 utlgato,
871 2957 911 3023 ut
934 2954 1007 3024 iure
1033 2952 1187 3038 mireris,
1213 2943 1309 3046 quod
1335 2947 1433 3016 iniis
1458 2970 1515 3016 ex·

123 3075 293 3176 plioaudis
317 3077 452 3150 Nonius
478 3105 621 3176 operam
647 3090 682 3151 et
699 3077 849 3152 studium
865 3077 1126 3174 consumpserit.
1175 3070 1360 3144 Accedunt
1377 3095 1453 3166 cap.
1470 3068 1513 3139 V.

123 3225 235 3297 patrea
261 3201 305 3272 de
328 3202 508 3274 umbonem
531 3199 745 3297 daffermdis,
770 3197 829 3270 ubi
854 3197 1033 3270 diversitos
1062 3198 1239 3268 nominum
1267 3204 1302 3266 ot
1327 3191 1513 3265 vorborum

123 3319 283 3390 similium
307 3325 391 3394 satis
416 3325 501 3396 suite
525 3321 729 3410 illustratur,
753 3347 830 3414 quar
856 3331 1020 3416 corrupta
1045 3317 1180 3390 dicendi
1197 3315 1412 3390 consuetudo
1432 3339 1513 3388 cou-

124 3441 250 3533 fundit
275 3457 499 3541 separantur,
533 3459 568 3519 et
591 3447 858 3544 uniuscuiusque
883 3448 937 3517 vis
959 3447 1101 3542 propria
1127 3445 1334 3541 scriptorum
1357 3451 1513 3514 veterum

124 3553 329 3638 testimoniis
354 3547 568 3665 explanatur.
617 3571 661 3641 ln
685 3567 800 3640 moitis
825 3567 964 3666 quidem
980 3577 1102 3640 auctor
1122 3569 1263 3657 erravit,
1289 3565 1400 3637 aliena
1420 3589 1512 3636 uom-

122 3690 253 3785 posuit,
279 3690 445 3762 nonnulis
470 3697 581 3766 miuus
605 3703 700 3766 recte
726 3691 901 3780 discernit,
926 3701 973 3780 et,
998 3687 1094 3788 quod
1119 3687 1248 3787 ubique
1272 3689 1346 3760 sure
1361 3684 1511 3758 animad-

123 3812 281 3904 vertitur,
304 3811 383 3910 plus
412 3813 514 3888 dooot
538 3815 683 3888 aliorum
708 3813 874 3910 exemplis
901 3837 1005 3910 quoru
1030 3814 1101 3884 suis
1125 3808 1421 3908 explicationibus.

221 3936 297 4007 lam
321 3949 360 4008 nt
383 3939 509 4036 primo,
533 3925 700 4029 seeundo}
726 3947 865 4035 quarto,
890 3937 1012 4034 quinto
1037 3947 1074 4008 et
1098 3945 1198 4008 sexto
1224 3935 1336 4030 rapite
1358 3957 1398 4003 ea
1418 3953 1508 4000 oom-

123 4057 246 4156 plexus
272 4071 344 4153 est,
376 4087 454 4160 quae
477 4059 523 4132 ad
548 4058 734 4134 verborum
760 4071 795 4132 ut
818 4083 1015 4131 sermonum
1039 4057 1308 4156 significationes
1338 4051 1509 4125 illustran-

122 4179 185 4252 das
215 4181 455 4279 pertinebant,
487 4185 535 4278 ito
567 4183 635 4254 ΠΙ.
669 4177 1246 4277 Vll.Y111.lX.X.Xt.X1t
1277 4176 1509 4249 Grammatico

123 4305 300 4395 tractavit,
326 4305 389 4378 sed
413 4332 458 4377 ue
483 4331 524 4378 ea
549 4303 689 4403 quidem
713 4304 796 4374 satis
822 4301 990 4406 disposita
1014 4311 1165 4399 apteque
1191 4301 1368 4374 collocata.
1419 4298 1508 4374 Cum

124 4426 214 4496 enim
237 4430 338 4500 tortio
364 4431 489 4527 capite,
516 4428 612 4526 quod
636 4429 680 4500 de
703 4427 897 4500 indiscretis
920 4425 1099 4520 ommatius
1123 4426 1324 4520 inscriptum
1345 4435 1409 4516 ost,
1434 4449 1508 4496 rem

123 4546 352 4624 difficillimam
367 4557 552 4653 attigisset,
577 4551 672 4652 quod
693 4554 728 4622 iu
744 4553 840 4620 eurio
856 4552 992 4648 gusteris
1008 4575 1072 4622 usn
1088 4570 1211 4644 magna
1233 4557 1286 4618 est
1301 4550 1507 4642 scriptorum

1223 4673 1260 4715 nr
