<?xml version="1.0" encoding="UTF-8"?>
<!DOCTYPE html PUBLIC "-//W3C//DTD XHTML 1.0 Transitional//EN"
    "http://www.w3.org/TR/xhtml1/DTD/xhtml1-transitional.dtd">
<html xmlns="http://www.w3.org/1999/xhtml" xml:lang="en" lang="en">
 <head>
  <title>
</title>
<meta http-equiv="Content-Type" content="text/html;charset=utf-8" />
  <meta name='ocr-system' content='tesseract 3.04.00' />
  <meta name='ocr-capabilities' content='ocr_page ocr_carea ocr_par ocr_line ocrx_word'/>
</head>
<body>
  <div class='ocr_page' id='page_1' title='image "./marcellidecompe00marcgoog/marcellidecompe00marcgoog_0022.png"; bbox 0 0 3674 5250; ppageno 0'>
   <div class='ocr_carea' id='block_1_1' title="bbox 1459 437 1504 484">
    <p class='ocr_par' dir='ltr' id='par_1_1' title="bbox 1459 437 1504 484">
     <span class='ocr_line' id='line_1_1' title="bbox 1459 437 1504 484; baseline 0.044 -2"><span class='ocrx_word' id='word_1_1' title='bbox 1459 437 1504 484; x_wconf 70' lang='lat' dir='ltr'>XV</span> 
     </span>
    </p>
   </div>
   <div class='ocr_carea' id='block_1_2' title="bbox 116 582 1531 1795">
    <p class='ocr_par' dir='ltr' id='par_1_2' title="bbox 116 582 1531 1795">
     <span class='ocr_line' id='line_1_2' title="bbox 123 582 1504 684; baseline 0.005 -26"><span class='ocrx_word' id='word_1_2' title='bbox 123 584 239 658; x_wconf 83' lang='lat' dir='ltr'>dicunt</span> <span class='ocrx_word' id='word_1_3' title='bbox 261 587 378 657; x_wconf 77' lang='lat' dir='ltr'><strong>rustici</strong></span> <span class='ocrx_word' id='word_1_4' title='bbox 403 593 549 660; x_wconf 82' lang='lat' dir='ltr'>veteres.</span> <span class='ocrx_word' id='word_1_5' title='bbox 599 582 681 656; x_wconf 82' lang='lat' dir='ltr'>Hoc</span> <span class='ocrx_word' id='word_1_6' title='bbox 705 587 744 656; x_wconf 88' lang='lat' dir='ltr'>in-</span> <span class='ocrx_word' id='word_1_7' title='bbox 764 585 914 683; x_wconf 79' lang='lat' dir='ltr'>antiquis</span> <span class='ocrx_word' id='word_1_8' title='bbox 939 585 1130 677; x_wconf 79' lang='lat' dir='ltr'>iuvenitur,</span> <span class='ocrx_word' id='word_1_9' title='bbox 1164 611 1311 684; x_wconf 87' lang='lat' dir='ltr'>quorum</span> <span class='ocrx_word' id='word_1_10' title='bbox 1337 591 1504 666; x_wconf 87' lang='lat' dir='ltr'>indubio</span> 
     </span>
     <span class='ocr_line' id='line_1_3' title="bbox 121 707 1504 810; baseline 0.001 -26"><span class='ocrx_word' id='word_1_11' title='bbox 121 723 175 784; x_wconf 81' lang='lat' dir='ltr'>ost</span> <span class='ocrx_word' id='word_1_12' title='bbox 200 713 423 804; x_wconf 73' lang='lat' dir='ltr'>auctoritas,’</span> <span class='ocrx_word' id='word_1_13' title='bbox 454 710 551 810; x_wconf 90' lang='lat' dir='ltr'>quod</span> <span class='ocrx_word' id='word_1_14' title='bbox 583 710 722 785; x_wconf 87' lang='lat' dir='ltr'>suerunt</span> <span class='ocrx_word' id='word_1_15' title='bbox 753 712 812 808; x_wconf 89' lang='lat' dir='ltr'>qui</span> <span class='ocrx_word' id='word_1_16' title='bbox 850 708 901 780; x_wconf 91' lang='lat' dir='ltr'>ad·</span> <span class='ocrx_word' id='word_1_17' title='bbox 919 707 1072 782; x_wconf 85' lang='lat' dir='ltr'>Gellium</span> <span class='ocrx_word' id='word_1_18' title='bbox 1096 710 1162 780; x_wconf 81' lang='lat' dir='ltr'>xl.</span> <span class='ocrx_word' id='word_1_19' title='bbox 1175 707 1227 800; x_wconf 84' lang='lat'>·7,</span> <span class='ocrx_word' id='word_1_20' title='bbox 1252 707 1289 782; x_wconf 78' lang='lat' dir='ltr'>li.</span> <span class='ocrx_word' id='word_1_21' title='bbox 1325 715 1504 788; x_wconf 79' lang='lat' dir='ltr'>referrent.</span> 
     </span>
     <span class='ocr_line' id='line_1_4' title="bbox 121 829 1525 931; baseline 0 -23"><span class='ocrx_word' id='word_1_22' title='bbox 121 833 195 908; x_wconf 87' lang='lat' dir='ltr'>Sed</span> <span class='ocrx_word' id='word_1_23' title='bbox 223 859 301 906; x_wconf 89' lang='lat' dir='ltr'>cum</span> <span class='ocrx_word' id='word_1_24' title='bbox 335 832 429 931; x_wconf 90' lang='lat' dir='ltr'>apud</span> <span class='ocrx_word' id='word_1_25' title='bbox 461 830 607 904; x_wconf 89' lang='lat' dir='ltr'>eundem</span> <span class='ocrx_word' id='word_1_26' title='bbox 632 829 750 902; x_wconf 91' lang='lat' dir='ltr'>Plauti</span> <span class='ocrx_word' id='word_1_27' title='bbox 774 843 811 902; x_wconf 90' lang='lat' dir='ltr'>et</span> <span class='ocrx_word' id='word_1_28' title='bbox 837 829 977 904; x_wconf 77' lang='lat' dir='ltr'>Caecilii</span> <span class='ocrx_word' id='word_1_29' title='bbox 1009 833 1138 904; x_wconf 83' lang='lat' dir='ltr'>mentio</span> <span class='ocrx_word' id='word_1_30' title='bbox 1162 831 1255 904; x_wconf 82' lang='lat' dir='ltr'>facta</span> <span class='ocrx_word' id='word_1_31' title='bbox 1279 832 1403 924; x_wconf 86' lang='lat' dir='ltr'>suerit,</span> <span class='ocrx_word' id='word_1_32' title='bbox 1437 835 1525 912; x_wconf 86' lang='lat' dir='ltr'>boc&#39;</span> 
     </span>
     <span class='ocr_line' id='line_1_5' title="bbox 120 950 1511 1054; baseline 0.002 -26"><span class='ocrx_word' id='word_1_33' title='bbox 120 981 192 1028; x_wconf 91' lang='lat' dir='ltr'>non</span> <span class='ocrx_word' id='word_1_34' title='bbox 217 959 337 1054; x_wconf 87' lang='lat' dir='ltr'>utiquc</span> <span class='ocrx_word' id='word_1_35' title='bbox 364 979 507 1027; x_wconf 88' lang='lat' dir='ltr'>necesse</span> <span class='ocrx_word' id='word_1_36' title='bbox 523 959 585 1026; x_wconf 78' lang='lat' dir='ltr'>est.</span> <span class='ocrx_word' id='word_1_37' title='bbox 634 952 770 1026; x_wconf 82' lang='lat' dir='ltr'>Eadem</span> <span class='ocrx_word' id='word_1_38' title='bbox 790 964 844 1025; x_wconf 91' lang='lat' dir='ltr'>est</span> <span class='ocrx_word' id='word_1_39' title='bbox 859 954 949 1024; x_wconf 87' lang='lat' dir='ltr'>ratio</span> <span class='ocrx_word' id='word_1_40' title='bbox 972 952 1040 1026; x_wconf 91' lang='lat' dir='ltr'>loci</span> <span class='ocrx_word' id='word_1_41' title='bbox 1064 981 1099 1050; x_wconf 92' lang='lat' dir='ltr'>p.</span> <span class='ocrx_word' id='word_1_42' title='bbox 1117 950 1218 1026; x_wconf 72' lang='lat' dir='ltr'>illa.</span> <span class='ocrx_word' id='word_1_43' title='bbox 1243 981 1271 1026; x_wconf 92' lang='lat' dir='ltr'>s.</span> <span class='ocrx_word' id='word_1_44' title='bbox 1286 985 1319 1026; x_wconf 88' lang='lat' dir='ltr'>v.</span> <span class='ocrx_word' id='word_1_45' title='bbox 1342 959 1511 1034; x_wconf 73' lang='lat' dir='ltr'>dimum</span> 
     </span>
     <span class='ocr_line' id='line_1_6' title="bbox 120 1054 1506 1178; baseline 0.002 -26"><span class='ocrx_word' id='word_1_46' title='bbox 120 1078 181 1151; x_wconf 81' lang='lat' dir='ltr'>cfr·</span> <span class='ocrx_word' id='word_1_47' title='bbox 209 1079 300 1152; x_wconf 85' lang='lat' dir='ltr'>Gell.</span> <span class='ocrx_word' id='word_1_48' title='bbox 325 1078 447 1150; x_wconf 81' lang='lat' dir='ltr'>xvlt.</span> <span class='ocrx_word' id='word_1_49' title='bbox 460 1079 499 1168; x_wconf 80' lang='lat'>2,</span> <span class='ocrx_word' id='word_1_50' title='bbox 514 1075 575 1150; x_wconf 76' lang='lat'>16.</span> <span class='ocrx_word' id='word_1_51' title='bbox 600 1075 660 1148; x_wconf 89' lang='lat' dir='ltr'>ubi</span> <span class='ocrx_word' id='word_1_52' title='bbox 684 1077 818 1150; x_wconf 80' lang='lat' dir='ltr'>Nonius</span> <span class='ocrx_word' id='word_1_53' title='bbox 844 1075 957 1148; x_wconf 82' lang='lat' dir='ltr'>addit:</span> <span class='ocrx_word' id='word_1_54' title='bbox 988 1075 1100 1174; x_wconf 76' lang='lat' dir='ltr'>«apud</span> <span class='ocrx_word' id='word_1_55' title='bbox 1124 1089 1275 1152; x_wconf 81' lang='lat' dir='ltr'>veterem</span> <span class='ocrx_word' id='word_1_56' title='bbox 1299 1054 1506 1178; x_wconf 78' lang='lat' dir='ltr'>prudentem</span> 
     </span>
     <span class='ocr_line' id='line_1_7' title="bbox 118 1197 1508 1297; baseline 0.003 -25"><span class='ocrx_word' id='word_1_57' title='bbox 118 1203 330 1274; x_wconf 75' lang='lat' dir='ltr'>auctoritatis</span> <span class='ocrx_word' id='word_1_58' title='bbox 354 1200 556 1297; x_wconf 77' lang='lat' dir='ltr'>incognitae·</span> <span class='ocrx_word' id='word_1_59' title='bbox 592 1223 669 1296; x_wconf 78' lang='lat' dir='ltr'>quae</span> <span class='ocrx_word' id='word_1_60' title='bbox 701 1209 737 1271; x_wconf 84' lang='lat' dir='ltr'>et</span> <span class='ocrx_word' id='word_1_61' title='bbox 769 1197 814 1270; x_wconf 84' lang='lat' dir='ltr'>ad</span> <span class='ocrx_word' id='word_1_62' title='bbox 836 1197 987 1272; x_wconf 87' lang='lat' dir='ltr'>Gellium</span> <span class='ocrx_word' id='word_1_63' title='bbox 1018 1199 1124 1272; x_wconf 92' lang='lat' dir='ltr'>etad</span> <span class='ocrx_word' id='word_1_64' title='bbox 1149 1199 1331 1274; x_wconf 82' lang='lat' dir='ltr'>Claudium</span> <span class='ocrx_word' id='word_1_65' title='bbox 1357 1201 1508 1294; x_wconf 83' lang='lat' dir='ltr'>Quadri·</span> 
     </span>
     <span class='ocr_line' id='line_1_8' title="bbox 118 1323 1507 1426; baseline 0 -26"><span class='ocrx_word' id='word_1_66' title='bbox 118 1331 252 1426; x_wconf 76' lang='lat' dir='ltr'>ganum</span> <span class='ocrx_word' id='word_1_67' title='bbox 288 1325 421 1396; x_wconf 78' lang='lat' dir='ltr'>referre</span> <span class='ocrx_word' id='word_1_68' title='bbox 449 1323 544 1396; x_wconf 89' lang='lat' dir='ltr'>licet.</span> <span class='ocrx_word' id='word_1_69' title='bbox 591 1324 665 1396; x_wconf 84' lang='lat' dir='ltr'>lam</span> <span class='ocrx_word' id='word_1_70' title='bbox 703 1325 903 1422; x_wconf 75' lang='lat' dir='ltr'>ignoramus</span> <span class='ocrx_word' id='word_1_71' title='bbox 939 1323 1100 1421; x_wconf 82' lang='lat' dir='ltr'>quidem,</span> <span class='ocrx_word' id='word_1_72' title='bbox 1135 1349 1240 1423; x_wconf 86' lang='lat' dir='ltr'>quam</span> <span class='ocrx_word' id='word_1_73' title='bbox 1271 1324 1316 1396; x_wconf 91' lang='lat' dir='ltr'>ad</span> <span class='ocrx_word' id='word_1_74' title='bbox 1348 1351 1507 1400; x_wconf 89' lang='lat' dir='ltr'>normam</span> 
     </span>
     <span class='ocr_line' id='line_1_9' title="bbox 116 1447 1531 1544; baseline -0.001 -21"><span class='ocrx_word' id='word_1_75' title='bbox 116 1452 250 1523; x_wconf 87' lang='lat' dir='ltr'>Nonius</span> <span class='ocrx_word' id='word_1_76' title='bbox 277 1450 482 1544; x_wconf 85' lang='lat' dir='ltr'>scriptorum</span> <span class='ocrx_word' id='word_1_77' title='bbox 505 1449 746 1520; x_wconf 80' lang='lat' dir='ltr'>auctoritatem</span> <span class='ocrx_word' id='word_1_78' title='bbox 771 1449 947 1544; x_wconf 68' lang='lat' dir='ltr'>exegerit,</span> <span class='ocrx_word' id='word_1_79' title='bbox 982 1447 1045 1520; x_wconf 88' lang='lat' dir='ltr'>sed</span> <span class='ocrx_word' id='word_1_80' title='bbox 1068 1448 1137 1521; x_wconf 94' lang='lat' dir='ltr'>boc</span> <span class='ocrx_word' id='word_1_81' title='bbox 1162 1447 1305 1520; x_wconf 89' lang='lat' dir='ltr'>dubium</span> <span class='ocrx_word' id='word_1_82' title='bbox 1328 1475 1406 1536; x_wconf 85' lang='lat' dir='ltr'>csse</span> <span class='ocrx_word' id='word_1_83' title='bbox 1432 1477 1504 1524; x_wconf 93' lang='lat' dir='ltr'>non</span> <span class='ocrx_word' id='word_1_84' title='bbox 1530 1487 1531 1494; x_wconf 47' lang='lat'>.</span> 
     </span>
     <span class='ocr_line' id='line_1_10' title="bbox 116 1571 1506 1672; baseline 0.001 -26"><span class='ocrx_word' id='word_1_85' title='bbox 116 1583 255 1670; x_wconf 86' lang='lat' dir='ltr'>potest,</span> <span class='ocrx_word' id='word_1_86' title='bbox 291 1575 374 1670; x_wconf 85' lang='lat' dir='ltr'>quin</span> <span class='ocrx_word' id='word_1_87' title='bbox 399 1571 515 1646; x_wconf 88' lang='lat' dir='ltr'>Gellio</span> <span class='ocrx_word' id='word_1_88' title='bbox 539 1583 672 1644; x_wconf 86' lang='lat' dir='ltr'>tantum</span> <span class='ocrx_word' id='word_1_89' title='bbox 704 1571 875 1662; x_wconf 85' lang='lat' dir='ltr'>tribuerit,</span> <span class='ocrx_word' id='word_1_90' title='bbox 900 1584 1065 1669; x_wconf 82' lang='lat' dir='ltr'>quantum</span> <span class='ocrx_word' id='word_1_91' title='bbox 1091 1577 1231 1646; x_wconf 89' lang='lat' dir='ltr'>summis</span> <span class='ocrx_word' id='word_1_92' title='bbox 1266 1575 1506 1672; x_wconf 82' lang='lat' dir='ltr'>scriptoribus,</span> 
     </span>
     <span class='ocr_line' id='line_1_11' title="bbox 116 1680 1505 1795; baseline 0.001 -26"><span class='ocrx_word' id='word_1_93' title='bbox 116 1680 182 1769; x_wconf 90' lang='lat' dir='ltr'>nisi</span> <span class='ocrx_word' id='word_1_94' title='bbox 208 1696 302 1795; x_wconf 87' lang='lat' dir='ltr'>quod</span> <span class='ocrx_word' id='word_1_95' title='bbox 336 1723 462 1770; x_wconf 88' lang='lat' dir='ltr'>nomen</span> <span class='ocrx_word' id='word_1_96' title='bbox 495 1699 567 1770; x_wconf 88' lang='lat' dir='ltr'>eins</span> <span class='ocrx_word' id='word_1_97' title='bbox 600 1723 672 1770; x_wconf 92' lang='lat' dir='ltr'>non</span> <span class='ocrx_word' id='word_1_98' title='bbox 708 1697 898 1795; x_wconf 71' lang='lat' dir='ltr'>adscripsit</span> <span class='ocrx_word' id='word_1_99' title='bbox 932 1697 1087 1788; x_wconf 51' lang='lat' dir='ltr'>‘Quibus</span> <span class='ocrx_word' id='word_1_100' title='bbox 1120 1697 1312 1771; x_wconf 88' lang='lat' dir='ltr'>rationibus</span> <span class='ocrx_word' id='word_1_101' title='bbox 1336 1697 1505 1772; x_wconf 85' lang='lat' dir='ltr'>adductus</span> 
     </span>
    </p>
   </div>
   <div class='ocr_carea' id='block_1_3' title="bbox 115 1821 1641 1921">
    <p class='ocr_par' dir='ltr' id='par_1_3' title="bbox 115 1821 1641 1921">
     <span class='ocr_line' id='line_1_12' title="bbox 115 1821 1641 1921; baseline 0.002 -29"><span class='ocrx_word' id='word_1_102' title='bbox 115 1821 185 1892; x_wconf 89' lang='lat' dir='ltr'>boo</span> <span class='ocrx_word' id='word_1_103' title='bbox 209 1822 381 1912; x_wconf 77' lang='lat' dir='ltr'>onnserit,</span> <span class='ocrx_word' id='word_1_104' title='bbox 414 1823 553 1893; x_wconf 87' lang='lat' dir='ltr'>nonnisi</span> <span class='ocrx_word' id='word_1_105' title='bbox 585 1824 790 1894; x_wconf 87' lang='lat' dir='ltr'>coniecturis</span> <span class='ocrx_word' id='word_1_106' title='bbox 823 1824 962 1920; x_wconf 84' lang='lat' dir='ltr'>assequi</span> <span class='ocrx_word' id='word_1_107' title='bbox 986 1822 1076 1894; x_wconf 89' lang='lat' dir='ltr'>lieet.</span> <span class='ocrx_word' id='word_1_108' title='bbox 1123 1823 1198 1904; x_wconf 79' lang='lat' dir='ltr'>lam</span> <span class='ocrx_word' id='word_1_109' title='bbox 1227 1821 1322 1921; x_wconf 88' lang='lat' dir='ltr'>quod</span> <span class='ocrx_word' id='word_1_110' title='bbox 1348 1849 1420 1896; x_wconf 90' lang='lat' dir='ltr'>non</span> <span class='ocrx_word' id='word_1_111' title='bbox 1446 1851 1506 1897; x_wconf 85' lang='lat' dir='ltr'>ex·</span> <span class='ocrx_word' id='word_1_112' title='bbox 1636 1868 1641 1876; x_wconf 80' lang='lat'><em>,</em></span> 
     </span>
    </p>
   </div>
   <div class='ocr_carea' id='block_1_4' title="bbox 109 1944 1578 4641">
    <p class='ocr_par' dir='ltr' id='par_1_4' title="bbox 110 1944 1578 3519">
     <span class='ocr_line' id='line_1_13' title="bbox 115 1944 1573 2044; baseline 0.008 -29"><span class='ocrx_word' id='word_1_113' title='bbox 115 1945 292 2042; x_wconf 84' lang='lat' dir='ltr'>posuerit,</span> <span class='ocrx_word' id='word_1_114' title='bbox 334 1944 426 2016; x_wconf 89' lang='lat' dir='ltr'>unde</span> <span class='ocrx_word' id='word_1_115' title='bbox 466 1946 645 2016; x_wconf 85' lang='lat' dir='ltr'>innumera</span> <span class='ocrx_word' id='word_1_116' title='bbox 685 1944 743 2016; x_wconf 90' lang='lat' dir='ltr'>illa</span> <span class='ocrx_word' id='word_1_117' title='bbox 777 1947 985 2043; x_wconf 84' lang='lat' dir='ltr'>scriptorum</span> <span class='ocrx_word' id='word_1_118' title='bbox 1020 1945 1097 2018; x_wconf 90' lang='lat' dir='ltr'>loca</span> <span class='ocrx_word' id='word_1_119' title='bbox 1129 1948 1360 2044; x_wconf 80' lang='lat' dir='ltr'>excerpserit,</span> <span class='ocrx_word' id='word_1_120' title='bbox 1401 1973 1504 2022; x_wconf 90' lang='lat' dir='ltr'>nemo</span> <span class='ocrx_word' id='word_1_121' title='bbox 1565 2011 1573 2026; x_wconf 78' lang='lat'>.</span> 
     </span>
     <span class='ocr_line' id='line_1_14' title="bbox 114 2067 1504 2165; baseline 0.004 -28"><span class='ocrx_word' id='word_1_122' title='bbox 114 2067 146 2137; x_wconf 92' lang='lat' dir='ltr'>ei</span> <span class='ocrx_word' id='word_1_123' title='bbox 172 2067 256 2138; x_wconf 83' lang='lat' dir='ltr'>vitio</span> <span class='ocrx_word' id='word_1_124' title='bbox 280 2077 402 2140; x_wconf 72' lang='lat' dir='ltr'>vermi.</span> <span class='ocrx_word' id='word_1_125' title='bbox 452 2067 535 2138; x_wconf 79' lang='lat' dir='ltr'>Hoc</span> <span class='ocrx_word' id='word_1_126' title='bbox 565 2069 655 2138; x_wconf 89' lang='lat' dir='ltr'>enim</span> <span class='ocrx_word' id='word_1_127' title='bbox 687 2069 795 2164; x_wconf 87' lang='lat' dir='ltr'>ipsius</span> <span class='ocrx_word' id='word_1_128' title='bbox 827 2067 943 2165; x_wconf 88' lang='lat' dir='ltr'>operis</span> <span class='ocrx_word' id='word_1_129' title='bbox 976 2070 1064 2142; x_wconf 89' lang='lat' dir='ltr'>ratio</span> <span class='ocrx_word' id='word_1_130' title='bbox 1097 2071 1144 2140; x_wconf 87' lang='lat' dir='ltr'>ita</span> <span class='ocrx_word' id='word_1_131' title='bbox 1168 2068 1315 2142; x_wconf 79' lang='lat' dir='ltr'>serebat.</span> <span class='ocrx_word' id='word_1_132' title='bbox 1366 2070 1504 2162; x_wconf 80' lang='lat' dir='ltr'>Quibus</span> 
     </span>
     <span class='ocr_line' id='line_1_15' title="bbox 112 2187 1505 2287; baseline 0.007 -28"><span class='ocrx_word' id='word_1_133' title='bbox 112 2199 228 2260; x_wconf 81' lang='lat' dir='ltr'>autem</span> <span class='ocrx_word' id='word_1_134' title='bbox 260 2187 347 2262; x_wconf 89' lang='lat' dir='ltr'>locis</span> <span class='ocrx_word' id='word_1_135' title='bbox 378 2192 486 2287; x_wconf 87' lang='lat' dir='ltr'>ipsius</span> <span class='ocrx_word' id='word_1_136' title='bbox 523 2189 628 2271; x_wconf 86' lang='lat' dir='ltr'>Gellii</span> <span class='ocrx_word' id='word_1_137' title='bbox 661 2190 769 2264; x_wconf 84' lang='lat' dir='ltr'>verba</span> <span class='ocrx_word' id='word_1_138' title='bbox 801 2191 974 2283; x_wconf 83' lang='lat' dir='ltr'>laudauit,</span> <span class='ocrx_word' id='word_1_139' title='bbox 1008 2195 1159 2264; x_wconf 87' lang='lat' dir='ltr'>auctoris</span> <span class='ocrx_word' id='word_1_140' title='bbox 1185 2217 1312 2267; x_wconf 85' lang='lat' dir='ltr'>nomen</span> <span class='ocrx_word' id='word_1_141' title='bbox 1345 2197 1505 2268; x_wconf 87' lang='lat' dir='ltr'>omittere</span> 
     </span>
     <span class='ocr_line' id='line_1_16' title="bbox 110 2312 1505 2415; baseline 0.004 -30"><span class='ocrx_word' id='word_1_142' title='bbox 110 2315 239 2410; x_wconf 86' lang='lat' dir='ltr'>potnit,</span> <span class='ocrx_word' id='word_1_143' title='bbox 265 2324 325 2384; x_wconf 88' lang='lat' dir='ltr'>aut</span> <span class='ocrx_word' id='word_1_144' title='bbox 348 2313 444 2410; x_wconf 87' lang='lat' dir='ltr'>quod</span> <span class='ocrx_word' id='word_1_145' title='bbox 468 2312 558 2386; x_wconf 85' lang='lat' dir='ltr'>liber</span> <span class='ocrx_word' id='word_1_146' title='bbox 582 2316 655 2386; x_wconf 88' lang='lat' dir='ltr'>eius</span> <span class='ocrx_word' id='word_1_147' title='bbox 681 2317 832 2388; x_wconf 89' lang='lat' dir='ltr'>omnium</span> <span class='ocrx_word' id='word_1_148' title='bbox 857 2315 1015 2387; x_wconf 89' lang='lat' dir='ltr'>manibus</span> <span class='ocrx_word' id='word_1_149' title='bbox 1040 2314 1247 2388; x_wconf 84' lang='lat' dir='ltr'>versabatur</span> <span class='ocrx_word' id='word_1_150' title='bbox 1281 2319 1505 2415; x_wconf 87' lang='lat' dir='ltr'>omniumque</span> 
     </span>
     <span class='ocr_line' id='line_1_17' title="bbox 110 2435 1504 2538; baseline 0.002 -30"><span class='ocrx_word' id='word_1_151' title='bbox 110 2435 285 2508; x_wconf 87' lang='lat' dir='ltr'>mentibus</span> <span class='ocrx_word' id='word_1_152' title='bbox 320 2435 494 2527; x_wconf 77' lang='lat' dir='ltr'>hierobat,</span> <span class='ocrx_word' id='word_1_153' title='bbox 534 2449 594 2509; x_wconf 89' lang='lat' dir='ltr'>aut</span> <span class='ocrx_word' id='word_1_154' title='bbox 636 2437 732 2536; x_wconf 92' lang='lat' dir='ltr'>quod</span> <span class='ocrx_word' id='word_1_155' title='bbox 776 2436 998 2511; x_wconf 81' lang='lat' dir='ltr'>Grammatici</span> <span class='ocrx_word' id='word_1_156' title='bbox 1042 2441 1280 2512; x_wconf 82' lang='lat' dir='ltr'>anctoritatem</span> <span class='ocrx_word' id='word_1_157' title='bbox 1314 2439 1504 2538; x_wconf 82' lang='lat' dir='ltr'>aequalibus</span> 
     </span>
     <span class='ocr_line' id='line_1_18' title="bbox 112 2557 1503 2659; baseline 0.003 -29"><span class='ocrx_word' id='word_1_158' title='bbox 112 2585 236 2655; x_wconf 87' lang='lat' dir='ltr'>parum</span> <span class='ocrx_word' id='word_1_159' title='bbox 269 2557 403 2629; x_wconf 70' lang='lat' dir='ltr'>ffimam</span> <span class='ocrx_word' id='word_1_160' title='bbox 435 2557 543 2632; x_wconf 83' lang='lat' dir='ltr'>videri</span> <span class='ocrx_word' id='word_1_161' title='bbox 568 2559 752 2648; x_wconf 87' lang='lat' dir='ltr'>iudicavit,</span> <span class='ocrx_word' id='word_1_162' title='bbox 785 2572 844 2631; x_wconf 91' lang='lat' dir='ltr'>ant</span> <span class='ocrx_word' id='word_1_163' title='bbox 874 2559 969 2657; x_wconf 87' lang='lat' dir='ltr'>quod</span> <span class='ocrx_word' id='word_1_164' title='bbox 1000 2563 1076 2658; x_wconf 88' lang='lat' dir='ltr'>ipse</span> <span class='ocrx_word' id='word_1_165' title='bbox 1109 2587 1129 2632; x_wconf 94' lang='lat' dir='ltr'>a</span> <span class='ocrx_word' id='word_1_166' title='bbox 1155 2585 1193 2634; x_wconf 90' lang='lat' dir='ltr'>se</span> <span class='ocrx_word' id='word_1_167' title='bbox 1214 2564 1402 2659; x_wconf 86' lang='lat' dir='ltr'>impetrare</span> <span class='ocrx_word' id='word_1_168' title='bbox 1431 2587 1503 2637; x_wconf 89' lang='lat' dir='ltr'>non</span> 
     </span>
     <span class='ocr_line' id='line_1_19' title="bbox 111 2679 1505 2780; baseline 0.002 -29"><span class='ocrx_word' id='word_1_169' title='bbox 111 2683 238 2775; x_wconf 88' lang='lat' dir='ltr'>potnit,</span> <span class='ocrx_word' id='word_1_170' title='bbox 262 2691 302 2748; x_wconf 89' lang='lat' dir='ltr'>ut</span> <span class='ocrx_word' id='word_1_171' title='bbox 325 2681 473 2752; x_wconf 89' lang='lat' dir='ltr'>bominis</span> <span class='ocrx_word' id='word_1_172' title='bbox 498 2679 591 2752; x_wconf 84' lang='lat' dir='ltr'>docti</span> <span class='ocrx_word' id='word_1_173' title='bbox 616 2692 721 2780; x_wconf 84' lang='lat' dir='ltr'>atque</span> <span class='ocrx_word' id='word_1_174' title='bbox 747 2681 882 2770; x_wconf 90' lang='lat' dir='ltr'>eruditi,</span> <span class='ocrx_word' id='word_1_175' title='bbox 907 2682 971 2754; x_wconf 89' lang='lat' dir='ltr'>sed</span> <span class='ocrx_word' id='word_1_176' title='bbox 985 2685 1045 2780; x_wconf 89' lang='lat' dir='ltr'>qui</span> <span class='ocrx_word' id='word_1_177' title='bbox 1069 2687 1127 2754; x_wconf 83' lang='lat' dir='ltr'>vix</span> <span class='ocrx_word' id='word_1_178' title='bbox 1144 2684 1271 2755; x_wconf 81' lang='lat' dir='ltr'>saecnlo</span> <span class='ocrx_word' id='word_1_179' title='bbox 1297 2696 1378 2756; x_wconf 89' lang='lat' dir='ltr'>ante</span> <span class='ocrx_word' id='word_1_180' title='bbox 1402 2695 1505 2756; x_wconf 88' lang='lat' dir='ltr'>natus</span> 
     </span>
     <span class='ocr_line' id='line_1_20' title="bbox 112 2803 1504 2905; baseline 0.004 -33"><span class='ocrx_word' id='word_1_181' title='bbox 112 2803 229 2892; x_wconf 81' lang='lat' dir='ltr'>fuerit,</span> <span class='ocrx_word' id='word_1_182' title='bbox 254 2827 379 2874; x_wconf 87' lang='lat' dir='ltr'>nomen</span> <span class='ocrx_word' id='word_1_183' title='bbox 405 2807 555 2900; x_wconf 90' lang='lat' dir='ltr'>posteris</span> <span class='ocrx_word' id='word_1_184' title='bbox 580 2805 742 2878; x_wconf 82' lang='lat' dir='ltr'>traderet</span> <span class='ocrx_word' id='word_1_185' title='bbox 792 2805 970 2904; x_wconf 71' lang='lat' dir='ltr'>Aequales</span> <span class='ocrx_word' id='word_1_186' title='bbox 995 2809 1100 2905; x_wconf 74' lang='lat' dir='ltr'>igitur</span> <span class='ocrx_word' id='word_1_187' title='bbox 1116 2807 1267 2882; x_wconf 88' lang='lat' dir='ltr'>Gellium</span> <span class='ocrx_word' id='word_1_188' title='bbox 1293 2819 1328 2880; x_wconf 89' lang='lat' dir='ltr'>et</span> <span class='ocrx_word' id='word_1_189' title='bbox 1349 2807 1504 2879; x_wconf 87' lang='lat' dir='ltr'>Nonium</span> 
     </span>
     <span class='ocr_line' id='line_1_21' title="bbox 111 2921 1505 3028; baseline 0.005 -32"><span class='ocrx_word' id='word_1_190' title='bbox 111 2926 231 3018; x_wconf 78' lang='lat' dir='ltr'>inisse,</span> <span class='ocrx_word' id='word_1_191' title='bbox 257 2953 300 2998; x_wconf 86' lang='lat' dir='ltr'>ex</span> <span class='ocrx_word' id='word_1_192' title='bbox 325 2929 465 3000; x_wconf 88' lang='lat' dir='ltr'>nomine</span> <span class='ocrx_word' id='word_1_193' title='bbox 490 2921 617 3002; x_wconf 87' lang='lat' dir='ltr'>omisso</span> <span class='ocrx_word' id='word_1_194' title='bbox 643 2929 760 3028; x_wconf 72' lang='lat' dir='ltr'>colligi</span> <span class='ocrx_word' id='word_1_195' title='bbox 787 2955 857 3004; x_wconf 93' lang='lat' dir='ltr'>non</span> <span class='ocrx_word' id='word_1_196' title='bbox 882 2941 1019 3026; x_wconf 88' lang='lat' dir='ltr'>potest,</span> <span class='ocrx_word' id='word_1_197' title='bbox 1053 2941 1205 3004; x_wconf 81' lang='lat' dir='ltr'>veterem</span> <span class='ocrx_word' id='word_1_198' title='bbox 1230 2935 1319 3004; x_wconf 91' lang='lat' dir='ltr'>enim</span> <span class='ocrx_word' id='word_1_199' title='bbox 1353 2944 1388 3004; x_wconf 83' lang='lat' dir='ltr'>et</span> <span class='ocrx_word' id='word_1_200' title='bbox 1419 2934 1505 3004; x_wconf 88' lang='lat' dir='ltr'>anti·</span> 
     </span>
     <span class='ocr_line' id='line_1_22' title="bbox 112 3049 1503 3152; baseline 0.004 -32"><span class='ocrx_word' id='word_1_201' title='bbox 112 3077 218 3149; x_wconf 85' lang='lat' dir='ltr'>quum</span> <span class='ocrx_word' id='word_1_202' title='bbox 244 3049 378 3123; x_wconf 84' lang='lat' dir='ltr'>Nonius</span> <span class='ocrx_word' id='word_1_203' title='bbox 404 3075 481 3123; x_wconf 89' lang='lat' dir='ltr'>eum</span> <span class='ocrx_word' id='word_1_204' title='bbox 507 3049 672 3148; x_wconf 68' lang='lat' dir='ltr'>appellat,</span> <span class='ocrx_word' id='word_1_205' title='bbox 696 3051 760 3124; x_wconf 89' lang='lat' dir='ltr'>sed</span> <span class='ocrx_word' id='word_1_206' title='bbox 785 3051 956 3149; x_wconf 69' lang='lat' dir='ltr'>longiore·</span> <span class='ocrx_word' id='word_1_207' title='bbox 970 3055 1135 3150; x_wconf 87' lang='lat' dir='ltr'>temporis</span> <span class='ocrx_word' id='word_1_208' title='bbox 1167 3057 1280 3150; x_wconf 85' lang='lat' dir='ltr'>spatio</span> <span class='ocrx_word' id='word_1_209' title='bbox 1312 3079 1416 3152; x_wconf 87' lang='lat' dir='ltr'>quam</span> <span class='ocrx_word' id='word_1_210' title='bbox 1441 3079 1503 3126; x_wconf 85' lang='lat' dir='ltr'>sae·</span> 
     </span>
     <span class='ocr_line' id='line_1_23' title="bbox 110 3171 1578 3275; baseline 0.003 -33"><span class='ocrx_word' id='word_1_211' title='bbox 110 3171 189 3242; x_wconf 91' lang='lat' dir='ltr'>culo</span> <span class='ocrx_word' id='word_1_212' title='bbox 215 3171 373 3244; x_wconf 86' lang='lat' dir='ltr'>disiuncti</span> <span class='ocrx_word' id='word_1_213' title='bbox 399 3198 475 3244; x_wconf 87' lang='lat' dir='ltr'>esse</span> <span class='ocrx_word' id='word_1_214' title='bbox 498 3198 571 3244; x_wconf 91' lang='lat' dir='ltr'>non</span> <span class='ocrx_word' id='word_1_215' title='bbox 596 3183 772 3270; x_wconf 86' lang='lat' dir='ltr'>poterant,</span> <span class='ocrx_word' id='word_1_216' title='bbox 798 3177 879 3271; x_wconf 87' lang='lat' dir='ltr'>qnia</span> <span class='ocrx_word' id='word_1_217' title='bbox 893 3176 1129 3266; x_wconf 84' lang='lat' dir='ltr'>Grammatici,</span> <span class='ocrx_word' id='word_1_218' title='bbox 1144 3180 1203 3273; x_wconf 88' lang='lat' dir='ltr'>qui</span> <span class='ocrx_word' id='word_1_219' title='bbox 1228 3177 1316 3248; x_wconf 86' lang='lat' dir='ltr'>infra</span> <span class='ocrx_word' id='word_1_220' title='bbox 1337 3177 1504 3275; x_wconf 79' lang='lat' dir='ltr'>Appuleii</span> <span class='ocrx_word' id='word_1_221' title='bbox 1576 3255 1578 3260; x_wconf 17' lang='lat'>⁸</span> 
     </span>
     <span class='ocr_line' id='line_1_24' title="bbox 111 3297 1544 3398; baseline 0.003 -32"><span class='ocrx_word' id='word_1_222' title='bbox 111 3306 247 3367; x_wconf 72' lang='lat' dir='ltr'>aetatem</span> <span class='ocrx_word' id='word_1_223' title='bbox 264 3297 387 3387; x_wconf 75' lang='lat' dir='ltr'>brerit,</span> <span class='ocrx_word' id='word_1_224' title='bbox 412 3323 539 3370; x_wconf 89' lang='lat' dir='ltr'>nomen</span> <span class='ocrx_word' id='word_1_225' title='bbox 563 3299 622 3367; x_wconf 80' lang='lat' dir='ltr'>vix</span> <span class='ocrx_word' id='word_1_226' title='bbox 649 3301 752 3368; x_wconf 86' lang='lat' dir='ltr'>tantis</span> <span class='ocrx_word' id='word_1_227' title='bbox 778 3297 935 3370; x_wconf 89' lang='lat' dir='ltr'>laudibus</span> <span class='ocrx_word' id='word_1_228' title='bbox 962 3302 1077 3371; x_wconf 89' lang='lat' dir='ltr'>ornari</span> <span class='ocrx_word' id='word_1_229' title='bbox 1101 3301 1226 3396; x_wconf 84' lang='lat' dir='ltr'>potuit,</span> <span class='ocrx_word' id='word_1_230' title='bbox 1250 3312 1290 3372; x_wconf 91' lang='lat' dir='ltr'>ut</span> <span class='ocrx_word' id='word_1_231' title='bbox 1313 3313 1409 3374; x_wconf 81' lang='lat' dir='ltr'>octus</span> <span class='ocrx_word' id='word_1_232' title='bbox 1420 3325 1504 3398; x_wconf 83' lang='lat' dir='ltr'>pru·</span> <span class='ocrx_word' id='word_1_233' title='bbox 1541 3307 1544 3314; x_wconf 91' lang='grc'><strong>’</strong></span> 
     </span>
     <span class='ocr_line' id='line_1_25' title="bbox 111 3415 709 3519; baseline 0 -29"><span class='ocrx_word' id='word_1_234' title='bbox 111 3421 196 3490; x_wconf 83' lang='lat' dir='ltr'>deus</span> <span class='ocrx_word' id='word_1_235' title='bbox 221 3415 268 3488; x_wconf 66' lang='lat' dir='ltr'>et&#39;</span> <span class='ocrx_word' id='word_1_236' title='bbox 281 3421 440 3519; x_wconf 72' lang='lat' dir='ltr'>metipsos</span> <span class='ocrx_word' id='word_1_237' title='bbox 464 3423 709 3492; x_wconf 88' lang='lat' dir='ltr'>nominaretur.</span> 
     </span>
    </p>

    <p class='ocr_par' dir='ltr' id='par_1_5' title="bbox 110 3539 1504 3894">
     <span class='ocr_line' id='line_1_26' title="bbox 208 3539 1502 3646; baseline 0.004 -34"><span class='ocrx_word' id='word_1_238' title='bbox 208 3541 296 3612; x_wconf 77' lang='lat' dir='ltr'>Haec</span> <span class='ocrx_word' id='word_1_239' title='bbox 321 3539 487 3616; x_wconf 86' lang='lat' dir='ltr'>hactenus</span> <span class='ocrx_word' id='word_1_240' title='bbox 512 3543 555 3616; x_wconf 89' lang='lat' dir='ltr'>dc</span> <span class='ocrx_word' id='word_1_241' title='bbox 581 3547 693 3641; x_wconf 89' lang='lat' dir='ltr'>patria</span> <span class='ocrx_word' id='word_1_242' title='bbox 718 3557 754 3617; x_wconf 89' lang='lat' dir='ltr'>et</span> <span class='ocrx_word' id='word_1_243' title='bbox 783 3546 827 3618; x_wconf 92' lang='lat' dir='ltr'>de</span> <span class='ocrx_word' id='word_1_244' title='bbox 852 3557 952 3620; x_wconf 76' lang='lat' dir='ltr'>aetate</span> <span class='ocrx_word' id='word_1_245' title='bbox 978 3547 1083 3619; x_wconf 86' lang='lat' dir='ltr'>Nonii</span> <span class='ocrx_word' id='word_1_246' title='bbox 1108 3545 1280 3638; x_wconf 85' lang='lat' dir='ltr'>Marcelli,</span> <span class='ocrx_word' id='word_1_247' title='bbox 1307 3573 1409 3646; x_wconf 88' lang='lat' dir='ltr'>qoem</span> <span class='ocrx_word' id='word_1_248' title='bbox 1428 3549 1502 3646; x_wconf 88' lang='lat' dir='ltr'>qui·</span> 
     </span>
     <span class='ocr_line' id='line_1_27' title="bbox 111 3663 1504 3771; baseline 0.004 -36"><span class='ocrx_word' id='word_1_249' title='bbox 111 3665 189 3736; x_wconf 90' lang='lat' dir='ltr'>dem</span> <span class='ocrx_word' id='word_1_250' title='bbox 216 3663 414 3736; x_wconf 86' lang='lat' dir='ltr'>Tuborsico</span> <span class='ocrx_word' id='word_1_251' title='bbox 439 3669 475 3737; x_wconf 91' lang='lat' dir='ltr'>in</span> <span class='ocrx_word' id='word_1_252' title='bbox 500 3669 660 3740; x_wconf 82' lang='lat' dir='ltr'>Numidia</span> <span class='ocrx_word' id='word_1_253' title='bbox 690 3673 803 3744; x_wconf 83' lang='lat' dir='ltr'>ortdm</span> <span class='ocrx_word' id='word_1_254' title='bbox 828 3675 931 3744; x_wconf 84' lang='lat' dir='ltr'>tertio</span> <span class='ocrx_word' id='word_1_255' title='bbox 957 3673 1083 3764; x_wconf 78' lang='lat' dir='ltr'>saeculo</span> <span class='ocrx_word' id='word_1_256' title='bbox 1109 3673 1233 3744; x_wconf 88' lang='lat' dir='ltr'>librum</span> <span class='ocrx_word' id='word_1_257' title='bbox 1262 3672 1305 3744; x_wconf 90' lang='lat' dir='ltr'>de</span> <span class='ocrx_word' id='word_1_258' title='bbox 1331 3673 1504 3771; x_wconf 85' lang='lat' dir='ltr'>Compen-</span> 
     </span>
     <span class='ocr_line' id='line_1_28' title="bbox 110 3789 1254 3894; baseline 0.006 -33"><span class='ocrx_word' id='word_1_259' title='bbox 110 3789 207 3863; x_wconf 91' lang='lat' dir='ltr'>diosa</span> <span class='ocrx_word' id='word_1_260' title='bbox 232 3789 390 3863; x_wconf 85' lang='lat' dir='ltr'>doctrina</span> <span class='ocrx_word' id='word_1_261' title='bbox 414 3816 479 3887; x_wconf 88' lang='lat' dir='ltr'>per</span> <span class='ocrx_word' id='word_1_262' title='bbox 504 3792 635 3864; x_wconf 85' lang='lat' dir='ltr'>litteras</span> <span class='ocrx_word' id='word_1_263' title='bbox 660 3794 705 3866; x_wconf 88' lang='lat' dir='ltr'>ad</span> <span class='ocrx_word' id='word_1_264' title='bbox 729 3795 835 3868; x_wconf 88' lang='lat' dir='ltr'>lilium</span> <span class='ocrx_word' id='word_1_265' title='bbox 861 3799 1040 3894; x_wconf 87' lang='lat' dir='ltr'>scripsisse</span> <span class='ocrx_word' id='word_1_266' title='bbox 1065 3801 1254 3875; x_wconf 87' lang='lat' dir='ltr'>statuimus.</span> 
     </span>
    </p>

    <p class='ocr_par' dir='ltr' id='par_1_6' title="bbox 109 3893 1503 4641">
     <span class='ocr_line' id='line_1_29' title="bbox 208 3893 1502 4017; baseline 0.002 -33"><span class='ocrx_word' id='word_1_267' title='bbox 208 3914 312 3984; x_wconf 82' lang='lat' dir='ltr'>Hanc</span> <span class='ocrx_word' id='word_1_268' title='bbox 336 3915 443 4011; x_wconf 74' lang='lat' dir='ltr'>igitur</span> <span class='ocrx_word' id='word_1_269' title='bbox 466 3893 745 4011; x_wconf 74' lang='lat' dir='ltr'>inscriptionem,</span> <span class='ocrx_word' id='word_1_270' title='bbox 779 3945 883 4016; x_wconf 90' lang='lat' dir='ltr'>qnam</span> <span class='ocrx_word' id='word_1_271' title='bbox 909 3923 1029 4017; x_wconf 89' lang='lat' dir='ltr'>optimi</span> <span class='ocrx_word' id='word_1_272' title='bbox 1055 3920 1193 3993; x_wconf 89' lang='lat' dir='ltr'>codices</span> <span class='ocrx_word' id='word_1_273' title='bbox 1224 3922 1448 4007; x_wconf 78' lang='lat' dir='ltr'>confirmant,</span> <span class='ocrx_word' id='word_1_274' title='bbox 1483 3943 1502 3987; x_wconf 88' lang='lat' dir='ltr'>e</span> 
     </span>
     <span class='ocr_line' id='line_1_30' title="bbox 109 4030 1500 4142; baseline 0.004 -38"><span class='ocrx_word' id='word_1_275' title='bbox 109 4037 237 4107; x_wconf 90' lang='lat' dir='ltr'>nostris</span> <span class='ocrx_word' id='word_1_276' title='bbox 264 4035 560 4135; x_wconf 66' lang='lat' dir='ltr'>Guelferbytanus</span> <span class='ocrx_word' id='word_1_277' title='bbox 585 4030 685 4130; x_wconf 83' lang='lat' dir='ltr'>(W),</span> <span class='ocrx_word' id='word_1_278' title='bbox 713 4065 819 4138; x_wconf 87' lang='lat' dir='ltr'>qnam</span> <span class='ocrx_word' id='word_1_279' title='bbox 845 4042 979 4114; x_wconf 82' lang='lat' dir='ltr'>Osann.</span> <span class='ocrx_word' id='word_1_280' title='bbox 1005 4069 1038 4138; x_wconf 94' lang='lat' dir='ltr'>p.</span> <span class='ocrx_word' id='word_1_281' title='bbox 1060 4039 1152 4114; x_wconf 82' lang='lat'>587.</span> <span class='ocrx_word' id='word_1_282' title='bbox 1178 4043 1401 4142; x_wconf 87' lang='lat' dir='ltr'>comprobat,</span> <span class='ocrx_word' id='word_1_283' title='bbox 1436 4065 1500 4110; x_wconf 91' lang='lat' dir='ltr'>nos</span> 
     </span>
     <span class='ocr_line' id='line_1_31' title="bbox 110 4159 1501 4264; baseline 0.004 -34"><span class='ocrx_word' id='word_1_284' title='bbox 110 4160 295 4256; x_wconf 68' lang='lat' dir='ltr'>genuinam</span> <span class='ocrx_word' id='word_1_285' title='bbox 320 4171 355 4230; x_wconf 84' lang='lat' dir='ltr'>et</span> <span class='ocrx_word' id='word_1_286' title='bbox 373 4159 417 4230; x_wconf 88' lang='lat' dir='ltr'>ab</span> <span class='ocrx_word' id='word_1_287' title='bbox 443 4164 521 4264; x_wconf 82' lang='lat' dir='ltr'>ipso</span> <span class='ocrx_word' id='word_1_288' title='bbox 546 4175 689 4238; x_wconf 75' lang='lat' dir='ltr'>sonore</span> <span class='ocrx_word' id='word_1_289' title='bbox 714 4167 907 4261; x_wconf 82' lang='lat' dir='ltr'>proiectam</span> <span class='ocrx_word' id='word_1_290' title='bbox 936 4191 1012 4240; x_wconf 88' lang='lat' dir='ltr'>esse</span> <span class='ocrx_word' id='word_1_291' title='bbox 1042 4167 1240 4240; x_wconf 89' lang='lat' dir='ltr'>iudicamus.</span> <span class='ocrx_word' id='word_1_292' title='bbox 1290 4171 1501 4239; x_wconf 88' lang='lat' dir='ltr'>Litterarum</span> 
     </span>
     <span class='ocr_line' id='line_1_32' title="bbox 111 4283 1502 4388; baseline 0.005 -33"><span class='ocrx_word' id='word_1_293' title='bbox 111 4285 248 4380; x_wconf 86' lang='lat' dir='ltr'>quidem</span> <span class='ocrx_word' id='word_1_294' title='bbox 273 4285 430 4359; x_wconf 86' lang='lat' dir='ltr'>ordinem</span> <span class='ocrx_word' id='word_1_295' title='bbox 455 4283 589 4360; x_wconf 82' lang='lat' dir='ltr'>tantum</span> <span class='ocrx_word' id='word_1_296' title='bbox 614 4293 650 4362; x_wconf 90' lang='lat' dir='ltr'>in</span> <span class='ocrx_word' id='word_1_297' title='bbox 675 4293 845 4388; x_wconf 87' lang='lat' dir='ltr'>capitibus</span> <span class='ocrx_word' id='word_1_298' title='bbox 862 4295 910 4365; x_wconf 91' lang='lat'>11.</span> <span class='ocrx_word' id='word_1_299' title='bbox 927 4293 993 4365; x_wconf 85' lang='grc' dir='ltr'><strong>ΙΙΙ.</strong></span> <span class='ocrx_word' id='word_1_300' title='bbox 1009 4295 1075 4364; x_wconf 91' lang='lat' dir='ltr'>lv.</span> <span class='ocrx_word' id='word_1_301' title='bbox 1101 4307 1240 4367; x_wconf 86' lang='lat' dir='ltr'>secutus</span> <span class='ocrx_word' id='word_1_302' title='bbox 1258 4303 1323 4382; x_wconf 87' lang='lat' dir='ltr'>est,</span> <span class='ocrx_word' id='word_1_303' title='bbox 1346 4288 1409 4363; x_wconf 88' lang='lat' dir='ltr'>sed</span> <span class='ocrx_word' id='word_1_304' title='bbox 1428 4289 1502 4364; x_wconf 78' lang='lat' dir='ltr'>hau</span> 
     </span>
     <span class='ocr_line' id='line_1_33' title="bbox 111 4407 1502 4517; baseline 0.008 -42"><span class='ocrx_word' id='word_1_305' title='bbox 111 4407 217 4481; x_wconf 85' lang='lat' dir='ltr'>molto</span> <span class='ocrx_word' id='word_1_306' title='bbox 240 4413 350 4482; x_wconf 88' lang='lat' dir='ltr'>maior</span> <span class='ocrx_word' id='word_1_307' title='bbox 375 4437 456 4510; x_wconf 91' lang='lat' dir='ltr'>pars</span> <span class='ocrx_word' id='word_1_308' title='bbox 482 4418 598 4512; x_wconf 87' lang='lat' dir='ltr'>operis</span> <span class='ocrx_word' id='word_1_309' title='bbox 623 4427 689 4507; x_wconf 84' lang='lat' dir='ltr'>est,</span> <span class='ocrx_word' id='word_1_310' title='bbox 716 4428 751 4488; x_wconf 93' lang='lat' dir='ltr'>et</span> <span class='ocrx_word' id='word_1_311' title='bbox 777 4428 910 4516; x_wconf 86' lang='lat' dir='ltr'>aparte</span> <span class='ocrx_word' id='word_1_312' title='bbox 936 4423 1073 4517; x_wconf 92' lang='lat' dir='ltr'>potiore</span> <span class='ocrx_word' id='word_1_313' title='bbox 1103 4420 1345 4492; x_wconf 89' lang='lat' dir='ltr'>denominatio.</span> <span class='ocrx_word' id='word_1_314' title='bbox 1395 4417 1502 4491; x_wconf 86' lang='lat' dir='ltr'>Cuius</span> 
     </span>
     <span class='ocr_line' id='line_1_34' title="bbox 111 4527 1503 4641; baseline 0.011 -46"><span class='ocrx_word' id='word_1_315' title='bbox 111 4527 249 4624; x_wconf 82' lang='lat' dir='ltr'>quidem</span> <span class='ocrx_word' id='word_1_316' title='bbox 273 4532 351 4604; x_wconf 90' lang='lat' dir='ltr'>iibri</span> <span class='ocrx_word' id='word_1_317' title='bbox 379 4561 456 4634; x_wconf 71' lang='lat' dir='ltr'>qous</span> <span class='ocrx_word' id='word_1_318' title='bbox 484 4541 572 4609; x_wconf 88' lang='lat' dir='ltr'>ratio</span> <span class='ocrx_word' id='word_1_319' title='bbox 598 4541 663 4628; x_wconf 83' lang='lat' dir='ltr'>sit,</span> <span class='ocrx_word' id='word_1_320' title='bbox 697 4538 881 4611; x_wconf 89' lang='lat' dir='ltr'>admodum</span> <span class='ocrx_word' id='word_1_321' title='bbox 908 4539 1046 4614; x_wconf 88' lang='lat' dir='ltr'>difficile</span> <span class='ocrx_word' id='word_1_322' title='bbox 1071 4551 1124 4614; x_wconf 88' lang='lat' dir='ltr'>est</span> <span class='ocrx_word' id='word_1_323' title='bbox 1156 4543 1200 4613; x_wconf 91' lang='lat' dir='ltr'>ad</span> <span class='ocrx_word' id='word_1_324' title='bbox 1235 4540 1503 4641; x_wconf 86' lang='lat' dir='ltr'>disquirendum.</span> 
     </span>
    </p>
   </div>
   <div class='ocr_carea' id='block_1_5' title="bbox 0 0 1842 5250">
    <p class='ocr_par' dir='ltr' id='par_1_7' title="bbox 0 0 1842 5250">
     <span class='ocr_line' id='line_1_35' title="bbox 0 0 1842 5250; baseline 0 3"><span class='ocrx_word' id='word_1_325' title='bbox 0 0 1842 5250; x_wconf 95' lang='lat' dir='ltr'> </span> 
     </span>
    </p>
   </div>
  </div>
 </body>
</html>
