3674 5250
337 427 397 472 XV!

339 577 475 672 Qodsi
499 579 591 651 enim
613 601 634 645 a
660 598 723 661 sex
749 575 932 670 postremis
957 572 1125 672 capitibus
1151 574 1370 668 discessero,
1395 597 1472 672 quae
1497 572 1543 645 ad
1564 572 1721 648 Pollucis

340 699 534 811 exemplum
568 698 662 768 varia
695 680 833 766 nomina
867 721 1002 787 rerum,
1037 723 1114 796 quae
1153 696 1304 775 eiusdem
1337 707 1419 768 aunt
1451 698 1609 796 generis,
1641 721 1722 768 eno

338 831 486 912 merant,
509 819 680 919 reliquum
706 845 832 918 corpus
856 819 958 894 facile
983 849 1048 920 pro
1074 821 1150 893 rudi
1175 822 1414 922 indigestaque
1437 821 1529 894 mole
1548 818 1723 910 habueris,

339 970 444 1044 qnam
469 941 654 1045 disponere
679 951 715 1014 et
739 943 775 1013 in
800 941 956 1016 ordinem
980 943 1139 1044 redigere
1165 969 1209 1018 ue
1224 947 1299 1042 ipae
1317 943 1455 1042 quidem
1470 953 1591 1016 auctor
1608 967 1723 1041 operae

338 1067 488 1165 pretium
527 1089 604 1138 esse
643 1063 788 1136 duxerit.
837 1065 1024 1138 Putaueris
1063 1091 1139 1138 esse
1180 1077 1343 1165 excerpta
1385 1091 1430 1140 ex
1441 1137 1456 1174 ¹
1472 1064 1723 1138 commentariis

340 1188 447 1290 paulo
477 1185 707 1280 doctioribus,
743 1189 803 1285 qui
830 1189 866 1258 in
896 1185 1082 1260 verborum
1110 1215 1180 1294 'usu
1206 1191 1397 1262 accuratius
1421 1186 1625 1260 illustrando
1649 1211 1724 1258 ver-

341 1313 407 1382 sati
430 1310 567 1384 luerint.
593 1307 668 1384 Sed
693 1307 786 1380 aliud
806 1307 891 1406 quid
905 1320 1082 1406 spectasse
1107 1321 1284 1384 auctorem
1307 1312 1375 1382 iam
1398 1309 1479 1384 iude
1506 1310 1723 1382 manifestum

340 1445 417 1524 est,
442 1432 538 1533 quod
563 1433 729 1504 maiorem
753 1431 845 1502 illius
868 1431 1054 1530 farraginis
1080 1443 1215 1530 partem
1239 1433 1284 1505 ad
1308 1435 1430 1507 Lexici
1454 1433 1602 1506 lormam
1634 1457 1725 1504 com·

341 1557 507 1655 posuerit
555 1555 606 1626 Et
630 1552 713 1626 mibi
737 1551 895 1652 quidem,
927 1580 1001 1626 rem
1026 1557 1218 1628 accuratius
1243 1557 1470 1648 examinanti,
1495 1579 1578 1654 pars
1602 1565 1724 1654 quarta

342 1681 448 1752 totius
473 1675 553 1750 libri
587 1685 693 1774 caput
717 1700 794 1748 esse
819 1675 975 1768 videtrrr,
1008 1679 1138 1776 quippe
1171 1679 1207 1748 in
1238 1703 1308 1779 qua
1331 1675 1376 1749 ad
1400 1689 1529 1752 wtam
1555 1674 1726 1775 quandam

343 1827 522 1894 normam,
557 1826 705 1899 quorum
738 1797 925 1872 verborum
947 1801 1131 1899 explicatio
1155 1801 1260 1872 Nonii
1293 1811 1393 1874 aetate
1425 1801 1620 1884 necmnria
1651 1823 1726 1870 esae

343 1923 536 2016 videbatur,
560 1927 663 1996 variae
688 1923 958 2022 significationes
983 1926 1190 2022 optimorum
1205 1927 1413 2022 scriptorum
1429 1925 1631 1998 testimoniis
1653 1921 1727 1994 illu·

344 2033 460 2122 stratas¹
486 2049 625 2134 luerint.
674 2045 749 2120 Sed
774 2048 906 2118 etiamsi
932 2045 1006 2120 baec
1029 2073 1111 2145 pars
1143 2046 1189 2120 ad
1213 2049 1354 2140 herici,
1378 2046 1474 2146 quod
1498 2047 1634 2138 dicitur,
1659 2047 1728 2118 l'or-

344 2199 436 2244 ruam
459 2172 603 2270 propius
628 2168 780 2261 accedit,
811 2169 920 2240 multa
944 2181 1060 2244 tamen
1091 2182 1172 2242 sunt
1196 2173 1336 2262 omissa,
1370 2197 1447 2270 quaa
1472 2169 1530 2262 uel
1553 2169 1621 2242 illis
1645 2180 1728 2242 tem·

344 2294 488 2394 poribus
512 2292 573 2366 tuli
596 2294 633 2364 in
657 2318 764 2389 opere
791 2295 982 2366 accuratius
1008 2305 1107 2366 crant
1130 2293 1343 2393 explicanda.

441 2417 514 2505 Vix
538 2418 629 2488 enim
654 2441 793 2488 causum
817 2413 1034 2513 probabilem
1058 2418 1196 2510 afferas,
1221 2443 1283 2490 cur
1306 2428 1427 2490 auctor
1455 2420 1603 2516 primum
1627 2429 1730 2516 caput

346 2565 368 2610 a
402 2547 528 2637 quarto
562 2539 773 2631 seiunxerit,
811 2539 876 2609 nisi
913 2537 1056 2609 diversis
1092 2538 1306 2636 temporibus
1342 2538 1430 2612 duos
1465 2541 1727 2617 commentarios

270 2666 273 2682 ¹
345 2663 493 2760 scriptos
519 2687 595 2734 csse
621 2663 753 2733 statuis.
801 2662 900 2735 lueet
922 2685 1007 2732 sane
1032 2662 1139 2758 priori
1165 2662 1343 2736 recondita
1376 2662 1533 2760 quaedam
1566 2675 1602 2736 ct
1630 2661 1729 2734 altior

346 2785 522 2865 doctrinax
537 2796 573 2860 et
597 2813 639 2860 ea
662 2787 877 2884 potissimum
901 2781 1070 2857 vocabula
1096 2784 1280 2882 explanata
1303 2798 1405 2878 sunt,
1438 2813 1516 2884 qum
1547 2785 1686 2884 lougius
1710 2812 1731 2857 a

346 2909 482 3006 vulgari
506 2935 666 2982 sermone
690 2909 866 2982 recedunt.
915 2908 996 2998 Qua
1022 2907 1065 2980 de
1092 2935 1129 2982 rc
1155 2921 1193 2980 ut
1214 2913 1349 2982 variant
1372 2909 1429 2982 vel
1454 2909 1646 2984 doctiorum
1670 2911 1732 2984 bo·

347 3031 476 3100 minum
499 3029 636 3120 iudicia,
660 3033 707 3102 itu
733 3030 840 3101 multa
861 3031 1014 3102 immixta
1038 3040 1131 3122 sunt,
1156 3057 1233 3128 quae
1248 3032 1460 3104 commodius
1477 3045 1602 3131 quarto
1620 3037 1733 3132 capite

348 3154 489 3226 tractari
522 3163 694 3250 poteraut.
736 3153 798 3224 cir.
829 3179 1007 3246 reserare,
1042 3155 1183 3254 apileos,
1214 3167 1419 3252 munna,
1438 3209 1441 3218 .
1457 3160 1635 3232 abundare
1667 3167 1733 3230 etc.

348 3271 423 3346 Sed
448 3277 492 3348 de
512 3278 721 3372 proprietate
745 3279 909 3350 emmanu
940 3275 1032 3348 bunc
1063 3275 1189 3348 librum
1222 3279 1416 3374 inscripsit,
1441 3282 1542 3378 quia,
1567 3291 1734 3379 quantum

348 3424 413 3496 pro
438 3395 527 3469 illius
553 3397 668 3470 saeculi
692 3399 832 3495 iugenio
858 3398 934 3470 lieri
957 3409 1107 3496 poterat,
1133 3401 1324 3470 accuratius
1354 3403 1390 3470 in
1416 3403 1585 3500 originem
1609 3401 1735 3475 verbo·

348 3547 424 3592 rum
449 3523 637 3620 inquisivit,
661 3531 697 3594 ct
722 3519 897 3619 quomodo
922 3521 1089 3594 onustam
1114 3521 1319 3620 significatio
1334 3507 1366 3594 a
1386 3527 1529 3622 propria
1547 3523 1735 3598 derivanda

349 3645 406 3736 eit,
431 3671 496 3742 pro
522 3643 610 3714 virili
635 3647 803 3742 exposuit.

448 3765 560 3838 Multa
595 3791 734 3865 quoque
767 3771 803 3840 in
837 3768 991 3842 secundo
1025 3771 1137 3866 capite
1172 3781 1381 3865 tractantur,
1418 3801 1494 3873 quae
1520 3799 1590 3872 qua
1614 3799 1737 3847 norma

349 3891 463 3965 iudicii
488 3889 653 3988 peculiari
677 3881 922 3964 commentario
949 3891 1120 3989 explicata
1144 3895 1226 3986 sint,
1260 3897 1317 3966 vix
1342 3899 1547 3996 assequaris.
1588 3895 1663 3970 Sed
1688 3899 1738 3967 vi-

351 4015 475 4090 dentur
500 4011 575 4084 baec
600 4037 677 4086 csse
702 4017 880 4106 seiuncta,
913 4013 1009 4112 quod
1042 4013 1179 4086 illorum
1210 4015 1387 4089 bominum
1420 4019 1542 4092 iudicia
1574 4018 1740 4092 deviet

350 4165 415 4210 usu
435 4135 633 4212 ¹verborum
667 4162 687 4209 a
719 4135 893 4234 prioribus
926 4134 1152 4232 scriptoribus
1188 4140 1256 4210 iam
1290 4141 1435 4212 maxime
1472 4139 1740 4214 abhorruerunt.

243 4267 246 4274 “
351 4259 440 4352 Quae
468 4263 558 4334 euim
582 4260 632 4332 illi
658 4262 749 4332 aetati
773 4257 932 4332 obsoleta
957 4255 1163 4332 uidebantur
1194 4287 1310 4334 rerum
1342 4261 1533 4355 vocabula,
1566 4274 1627 4336 aut
1650 4289 1740 4362 quo·

268 4449 271 4456 .
350 4409 427 4454 rum
452 4383 636 4457 verborum
660 4381 879 4479 significatio,
903 4377 1012 4476 longo
1037 4386 1203 4480 temporis
1230 4387 1342 4480 spatio
1367 4395 1517 4477 mutata,
1542 4409 1563 4458 a
1587 4408 1677 4483 puro
1703 4395 1743 4456 et

351 4503 497 4607 simplici
511 4531 671 4579 sermone
684 4504 822 4600 longius
837 4501 959 4592 abfuit,
976 4527 1017 4576 ea
1031 4501 1167 4578 Nonius
1184 4507 1335 4602 antiquis
1351 4506 1577 4604 scriptoribus
1598 4509 1742 4596 muno,
