3674 5250
346 435 391 478 XX

343 587 467 683 Neque
493 588 606 656 minor
632 581 743 682 gloria
768 582 884 656 Verrii
909 583 1026 656 Flacci
1060 585 1143 673 luit,
1177 586 1236 682 qni
1270 583 1314 656 ab
1348 587 1513 686 Angusto
1537 603 1719 688 praeceptor

211 697 218 724 '
344 708 530 809 nepotibus
555 707 685 780 electus
712 717 786 797 eat,
818 709 915 780 cuim
941 705 1236 804 praeclarissimum
1257 735 1346 806 opus
1370 711 1415 783 da
1431 713 1610 784 verbnm
1628 718 1719 814 ripas·-

204 867 208 878 ·
339 834 510 930 ficdiooc,
536 833 691 931 quamvis
717 841 912 903 buncatum
933 843 967 902 et
989 830 1195 922 mutilatum,
1222 833 1312 906 inter
1336 837 1618 930 pmnntssim
1640 835 1720 910 litte·

342 983 461 1028 rarum
486 957 689 1028 Latinarum
706 965 928 1026 monumenta
946 952 1101 1025 babetur.
1150 953 1266 1050 lpsins
1283 954 1462 1030 Giearon’u
1481 955 1626 1030 libertus
1641 961 1720 1034 Tiro

345 1078 389 1152 de
415 1101 479 1150 usu
504 1089 609 1176 atque
634 1077 769 1149 ratione
794 1074 920 1174 lingarae
946 1077 1101 1164 Latinae,
1133 1073 1179 1148 de
1212 1078 1314 1156 variis
1347 1088 1382 1150 et
1411 1082 1616 1178 promiscuis
1639 1107 1721 1181 qun-

344 1201 525 1292 ationibns,
551 1215 586 1274 ct
611 1201 703 1274 alind
728 1227 817 1300 opns
851 1203 1112 1298 grammaticum
1136 1203 1321 1272 Πανδέκται
1339 1205 1539 1302 scripserat,
1564 1207 1720 1280 etr-Gcll.

344 1321 558 1415 xl11.9,5.
586 1324 705 1416 Quid?
731 1323 827 1422 quod
851 1321 960 1419 lulius
987 1322 1107 1396 Cesar
1132 1323 1220 1396 duos
1244 1321 1354 1396 libros
1381 1325 1424 1400 de
1438 1327 1616 1428 Analogia
1637 1329 1721 1402 evul-

342 1447 463 1545 gavit?
512 1451 673 1522 Accessit
705 1449 749 1520 L.
772 1446 895 1522 Aelius
921 1445 1057 1534 Gallus,
1077 1449 1173 1520 cuins
1198 1445 1291 1520 libri*
1309 1448 1353 1522 de
1377 1451 1628 1550 significatione
1653 1481 1722 1526 ver·

343 1573 480 1662 borum,
513 1601 590 1672 quae
622 1573 667 1644 ad
698 1575 751 1644 ius
785 1571 883 1646 civile
908 1574 1097 1670 pertinent,
1121 1574 1247 1670 saepius
1267 1573 1461 1648 laudantur.
1511 1577 1604 1652 Gcll.
1628 1579 1722 1654 xvl.

341 1697 445 1790 5,5.
478 1711 513 1774 ct
545 1703 672 1798 passim
696 1699 798 1798 ,apud
823 1699 977 1772 Festum.
1026 1699 1143 1770 Etiam
1175 1699 1347 1772 Antistius
1379 1699 1524 1792 Labeo,
1556 1705 1622 1776 etsi
1644 1705 1721 1776 iuris

341 1823 450 1896 civilis
476 1823 688 1921 disciplinam
712 1821 895 1920 principali
918 1821 1034 1894 studio
1060 1824 1225 1914 exercuit,
1251 1834 1366 1896 tamen
1384 1823 1626 1925 Grammaticos
1643 1855 1723 1927 quo-

341 1975 410 2048 qne
435 1959 540 2046 atque
574 1947 759 2020 dialecticae
784 1947 978 2044 litterisque
1003 1946 1254 2044 antiquioribus
1280 1953 1423 2045 operam
1447 1948 1609 2044 dederat,
1634 1952 1724 2024 Lati-

341 2098 533 2169 narumque
569 2097 694 2143 vocum
732 2071 885 2168 origines
915 2071 1137 2166 rationesque
1171 2068 1385 2167 exploravit,
1421 2096 1533 2170 eaque
1556 2075 1723 2171 precipue

339 2195 483 2266 scicntia
499 2192 544 2266 ad
561 2191 763 2266 enodandos
778 2189 966 2289 plerosque
984 2191 1066 2262 iuria
1084 2189 1230 2288 laqueos
1249 2190 1422 2266 utebatur.
1445 2193 1545 2266 Libri
1562 2207 1643 2294 post
1656 2199 1724 2270 eius

336 2327 487 2427 spontem
502 2315 584 2389 editi
598 2325 635 2388 et
655 2319 867 2414 posteriores
885 2317 1061 2413 inscripti,
1085 2341 1233 2414 quonam
1256 2327 1328 2390 tres
1342 2320 1497 2391 continui
1511 2320 1723 2394 XXXVlll.

341 2437 524 2510 XXXIX.
548 2451 584 2512 ct
608 2439 691 2512 XL.
715 2439 810 2538 pleni
847 2439 990 2512 luerunt
1021 2437 1056 2508 id
1088 2463 1199 2536 genua
1230 2463 1346 2511 rerum
1370 2440 1415 2512 ad
1441 2443 1667 2518 enarrandam
1689 2459 1724 2517 et

339 2561 576 2634 illustrandam
608 2562 762 2662 linguam
778 2603 783 2626 ν
797 2563 959 2634 Latinam
992 2558 1143 2648 utilium,
1180 2561 1242 2634 clr.
1281 2559 1373 2634 Gcll.
1407 2564 1511 2636 Xlll.
1539 2563 1602 2638 10.
1635 2562 1722 2640 unde

338 2686 504 2784 frequens
529 2687 602 2758 cius
627 2685 720 2784 apud
744 2687 888 2760 Festum
914 2695 949 2758 et
974 2683 1126 2758 Gellium
1151 2687 1281 2760 mentio
1303 2687 1355 2760 lit.
1405 2687 1584 2761 Praeterea
1616 2701 1726 2764 exsta·

249 2869 252 2888 .
337 2809 425 2882 bant
449 2811 696 2886 commentarii
713 2801 815 2886 Gavii
839 2812 943 2884 Bassi
967 2810 1011 2884 dc
1036 2811 1171 2910 origine
1196 2810 1383 2884 verborum
1406 2823 1443 2886 et
1466 2811 1727 2906 vocabulorum,

339 2959 488 3031 quornm
518 2935 607 3008 liber
639 2935 805 3029 septimus
835 2931 996 3004 laudatur
1025 2932 1118 3029 apud
1153 2932 1245 3006 Gcll.
1271 2933 1339 3006 Xl.
1365 2930 1430 3024 1⁷,
1455 2931 1512 3024 Aa
1548 2933 1728 3008 Caecllius

338 3055 479 3132 Vindex
510 3059 546 3126 in
579 3056 837 3130 Commentario
868 3053 1055 3126 lectionum
1089 3057 1308 3154 antiquarum
1344 3057 1578 3132 Grammatico
1602 3069 1728 3130 tracta-

339 3183 408 3272 vit,
446 3179 509 3254 csr.
534 3178 697 3268 Gellll.
725 3175 791 3268 16,
816 3176 852 3250 5.
888 3177 972 3252 Vll.
998 3174 1038 3268 2,
1062 3175 1115 3268 5.;
1156 3203 1221 3252 nec
1255 3207 1326 3254 non
1362 3179 1510 3279 Valgius
1542 3179 1661 3252 Rullus
1693 3183 1730 3250 in

338 3303 441 3396 libro,
466 3305 526 3404 qui
550 3305 593 3378 dc
618 3305 719 3378 rebus
740 3328 805 3400 per
829 3301 1007 3398 epistolmn
1031 3305 1194 3404 mmeritis
1216 3305 1402 3402 inscriptus
1423 3315 1511 3394 erat,
1546 3303 1608 3376 clr.
1635 3301 1731 3378 Gell.

317 3427 487 3520 xus,
514 3425 549 3500 1.
596 3430 691 3501 Ateii
719 3428 900 3526 Capitonis
934 3427 1180 3518 Coniectauca,
1205 3455 1353 3527 qnorum
1378 3429 1533 3504 CCLIX
1556 3429 1636 3502 libri
1657 3429 1733 3500 lan·

335 3551 475 3644 dantur,
500 3564 535 3624 ct
561 3551 706 3648 Sulpicii
728 3548 945 3648 Apollinaris
965 3550 1212 3624 Commentarii
1245 3577 1317 3624 non
1341 3551 1446 3624 modo
1470 3551 1516 3622 ad
1546 3555 1598 3624 ius
1628 3551 1734 3626 civile

338 3689 515 3776 totamque
540 3705 613 3750 rem
639 3675 824 3776 publicam,
853 3677 917 3752 sed
953 3679 1055 3752 etiam
1086 3676 1131 3750 ad
1165 3676 1436 3750 Grammaticam
1469 3687 1648 3772 spectasse
1682 3678 1736 3746 vi-

336 3801 482 3895 dentur,
519 3805 647 3899 passim
682 3805 772 3880 onim
795 3830 816 3874 a
843 3801 1084 3878 Grammaticis
1121 3814 1156 3876 et
1190 3803 1235 3876 ab
1268 3807 1347 3902 ipso
1377 3803 1494 3876 Nonio
1528 3799 1737 3890 laudantur,

338 3922 680 4013 clr.Gcll.ll.l(l‚
708 3923 742 3996 1.
780 3926 844 3999 lv.
871 3924 909 4015 l,
934 3923 999 3998 20.
1038 3923 1532 4014 xlv.7‚13.xxa,5.
1582 3923 1739 3998 Sinnius

335 4049 463 4146 Capito
496 4052 530 4120 in
564 4050 732 4147 Epistolis
774 4053 939 4148 imprimis
965 4051 1008 4124 dc
1034 4050 1275 4126 Grammaticis
1297 4061 1437 4149 egerat,
1473 4050 1535 4122 clr.
1561 4049 1657 4126 Gen.
1685 4051 1741 4120 V.

337 4169 404 4262 2l,
429 4170 465 4244 9.
501 4173 722 4272 Hypsicratis
756 4186 790 4248 ct
815 4173 942 4248 Cloatii
969 4173 1055 4246 Veri
1089 4171 1167 4246 libri
1199 4199 1306 4271 super
1337 4171 1404 4264 bis,
1440 4199 1518 4270 qna
1543 4199 1564 4244 a
1590 4173 1742 4247 Graecis

336 4307 478 4394 accepta
508 4311 608 4388 sunt,
641 4299 824 4372 laudantur
848 4298 940 4373 Gell.
965 4299 1068 4372 XVl.
1097 4297 1160 4392 19,
1188 4297 1222 4370 1.
1247 4294 1284 4368 6.
1329 4299 1372 4369 P.
1397 4298 1565 4370 Lavinius
1596 4297 1744 4370 librum

336 4419 379 4494 dc
402 4421 514 4494 verbis
539 4423 687 4496 sordidis
706 4425 910 4521 scripserat,
937 4422 1029 4496 Gcll.
1048 4423 1134 4494 XX.
1161 4419 1223 4494 ll.
1273 4422 1406 4520 Magna
1425 4447 1566 4521 quoqne
1583 4419 1743 4496 Santrae

336 4557 410 4618 erat
434 4550 632 4638 auctoritas,
658 4551 717 4645 «qui
742 4547 785 4620 dc
804 4547 985 4622 verborum
1003 4551 1223 4646 antiquorum
1243 4545 1552 4642 significationibus
1570 4547 1746 4643 scripsit,
