3674 5250
1397 411 1487 484 xxia

94 599 164 660 tam
190 583 349 684 exempla
375 582 610 658 elocutionum
639 591 722 654 sumt
746 575 907 672 collecta,
933 605 1013 678 quoe
1043 577 1218 678 discipulis
1251 587 1326 660 assui
1357 605 1488 688 essent,

93 725 129 786 et
156 737 235 786 cum
259 708 440 784 barbaries
464 707 779 817 magismagisqnc
804 705 1001 805 elegantem
1025 703 1212 780 verborum
1236 733 1338 782 asum
1363 710 1487 788 obsco.

93 850 210 931 rarat,
245 835 288 909 de
321 859 443 908 eorum
475 832 677 906 differentiis
711 830 911 930 diligentius
935 829 1147 930 disputatum
1174 843 1237 906 est.
1286 834 1369 927 Qua
1388 841 1424 910 in
1449 869 1489 917 re

95 989 173 1038 cum
198 959 407 1036 clarissimus
429 967 551 1032 orator
574 959 699 1030 ceteris
723 957 886 1053 proeicrit,
902 953 987 1054 qnid
1012 957 1147 1048 mirum,
1163 955 1260 1057 qnod
1275 964 1489 1057 posteriores

94 1091 169 1164 bac
193 1089 341 1188 vestigia
366 1082 621 1185 sequebantur?
670 1079 973 1174 Quemadmodum
1003 1083 1111 1182 igitur
1135 1079 1270 1156 Gellius
1303 1083 1411 1160 multa
1445 1116 1489 1164 ex

94 1215 259 1288 Favorini
285 1221 322 1284 et
344 1211 535 1284 Frontonis
561 1205 851 1307 disputationibus
883 1205 1018 1301 bausit,
1046 1210 1094 1280 ita
1118 1207 1255 1281 Nonius
1286 1209 1413 1311 aliique
1445 1242 1489 1289 ex

95 1336 289 1410 multifariis
313 1332 380 1407 illis
404 1335 507 1406 variae
532 1329 735 1408 eruditionis
758 1329 949 1421 tbcsauds,
985 1328 1150 1429 quicquid
1181 1331 1265 1406 utile
1296 1332 1492 1432 videbatur,
1585 1413 1590 1418 ,

96 1467 355 1556 excerpserunt.
403 1455 530 1555 Neque
565 1453 634 1528 hoa
666 1453 708 1526 iis
740 1454 823 1526 vitio
856 1451 1060 1528 vertendum
1093 1463 1156 1526 est
1204 1455 1288 1552 lpsa
1314 1459 1404 1530 anim
1428 1457 1489 1531 lra-

97 1607 174 1654 rnm
198 1580 424 1676 scriptionum
447 1579 538 1651 ratio
563 1578 611 1649 ita
635 1574 733 1667 tulit,
764 1584 816 1667 ut,
847 1599 924 1672 qnae
950 1585 1086 1650 veteres
1110 1578 1299 1674 scriptores
1323 1581 1491 1678 preclara

99 1701 283 1794 baberent,
300 1727 341 1778 ea
368 1698 660 1789 exscriberentur,
685 1706 955 1798 excerperentur
971 1708 1007 1770 et
1022 1697 1068 1770 ad
1092 1699 1292 1773 imitandum
1316 1728 1493 1802 propone.
1541 1741 1551 1766 1

99 1835 230 1900 rentur.
278 1823 458 1916 Quarum
481 1823 589 1918 igitur
612 1821 748 1895 Nonius
774 1817 891 1894 Gellio
913 1829 1058 1917 accepta
1081 1819 1260 1915 retulerit,
1291 1826 1360 1897 iam
1383 1852 1491 1926 snpra

100 1948 266 2040 uidimus3
300 1947 365 2022 sed
396 1972 474 2020 cum
504 1945 718 2046 reliquorum
751 1955 932 2020 suetorum
966 1949 1221 2040 commentarii,
1253 1951 1313 2048 qni
1337 1952 1491 2026 eiusdem

102 2073 159 2148 vel
182 2073 300 2174 dmilis
326 2083 426 2148 erant
453 2075 661 2172 argumenti,
687 2053 808 2146 omnes
825 2071 901 2144 sere
922 2069 968 2142 nd
992 2096 1099 2142 unum
1124 2073 1239 2144 amissi
1264 2075 1346 2164 dut
1370 2075 1491 2152 admo·

98 2197 181 2272 dnm
213 2196 359 2272 difficilis
384 2207 439 2274 est
463 2196 670 2296 disquisitio,
704 2219 794 2294 quos
817 2203 945 2292 preter
969 2193 1066 2268 illnm
1090 2197 1306 2294 potissimum
1330 2183 1494 2287 auctores

99 2333 240 2398 secutus
265 2325 322 2396 sit.
974 2337 976 2342 ·

164 2529 169 2537 ,
199 2445 331 2521 Credat
364 2446 470 2542 igitur
503 2443 629 2544 aliquis
662 2443 779 2518 Verrii
803 2443 923 2517 Flacci
957 2444 1142 2519 thesauros
1176 2445 1294 2521 Nonio
1325 2449 1494 2548 imprimis

101 2594 231 2666 magno
255 2569 335 2640 usui
358 2568 480 2658 fixisse,
505 2565 602 2664 quod
634 2568 670 2638 in
704 2566 826 2642 eodem
845 2563 933 2640 ¹lere
962 2578 1169 2666 argumento
1201 2573 1383 2646 tractando
1417 2601 1494 2649 ver-

99 2703 199 2764 satus
232 2691 346 2763 fucrit.
399 2687 475 2762 Sed
514 2713 586 2760 non
618 2689 730 2760 minus
761 2693 938 2788 temporis
970 2693 1085 2789 spatio
1129 2717 1233 2789 quam
1271 2695 1493 2770 consiliorum

101 2817 305 2890 diversitate
329 2813 433 2888 ambo
459 2823 540 2886 suut
563 2815 718 2886 seiuncti.
768 2816 913 2889 Verrius
945 2815 1094 2888 Flaccus
1119 2819 1209 2889 enim
1243 2819 1279 2888 in
1307 2819 1494 2894 verborum

100 2935 415 3041 significationibus
439 2935 652 3010 illustrandis
688 2939 801 3012 omnia
837 2939 882 3010 ad
906 2964 976 3010 snm
1001 2940 1111 3012 artatis
1135 2937 1259 3012 iudicia
1288 2941 1426 3035 retulit,
1460 2953 1496 3017 et
1536 3029 1539 3036 A

42 3149 54 3156 ‚
98 3075 272 3168 quantum
297 3092 341 3140 ex
364 3063 463 3138 Festi
487 3063 692 3162 fragmentis
719 3065 899 3136 eoniiccre
915 3062 1017 3154 lieet,
1049 3062 1233 3162 plurimum
1257 3065 1360 3138 studii
1387 3069 1424 3139 in
1447 3068 1497 3142 bi·

98 3193 212 3266 storia
255 3198 291 3262 et
326 3183 589 3285 antiquitatibus
624 3183 837 3294 illustrandis
871 3189 998 3283 posuit.
1059 3186 1195 3282 Nonius
1235 3199 1351 3262 autem
1388 3189 1496 3264 verba

99 3319 220 3416 prisca
254 3323 290 3386 et
319 3310 458 3386 insolita
491 3335 563 3384 non
596 3319 666 3382 tam
691 3310 957 3384 commentanda
983 3336 1180 3408 exponere,
1213 3337 1317 3410 quem
1341 3323 1496 3387 veterum

97 3440 315 3536 scriptorum
338 3435 543 3510 testimoniis
567 3433 741 3532 explicare
766 3433 906 3506 studuit.
957 3435 1136 3507 Preterea
1153 3459 1230 3508 cum
1249 3438 1351 3510 tertio
1369 3438 1497 3513 saeculo

97 3589 220 3642 sermo
248 3557 402 3656 vulgaris
434 3562 502 3632 iam
535 3559 643 3658 longe
675 3585 695 3629 a
728 3556 945 3654 simplicitate
978 3568 1014 3632 et
1045 3555 1218 3657 elegantia
1243 3585 1356 3633 aureae
1387 3566 1498 3636 aetatis

98 3686 331 3775 recessisset,
366 3681 482 3758 Nonio
513 3683 632 3756 'multa
662 3695 779 3757 erant
820 3681 1047 3782 explicanda,
1081 3711 1158 3783 qum
1191 3685 1337 3757 Verrius
1370 3690 1499 3760 intaeta

98 3815 306 3915 reliquerat.
360 3805 401 3880 V
394 3807 552 3880 mbmsun
584 3819 681 3882 cetus
711 3811 828 3881 interit
861 3818 966 3882 actos·
1015 3810 1179 3908 lienique
1213 3810 1360 3882 Verrius
1396 3811 1498 3883 docte

99 3951 136 4016 et
157 3929 510 4036 copiose'rarbornm
525 3915 677 4027 origines
691 3933 874 4030 variasque
890 3931 1161 4031 significationes
1178 3931 1374 4029 explicavit,
1391 3930 1498 4004 multa

27 4133 30 4143 .
98 4064 269 4138 historica
298 4056 484 4128 immiscuit
515 4078 700 4152 rerumque
734 4065 840 4154 atque
873 4054 1060 4128 verborum
1093 4059 1358 4129 commentarios
1391 4058 1517 4128 omni·

99 4189 167 4264 bus
203 4179 361 4258 numeris
396 4175 577 4252 absolutos
600 4175 760 4275 reliquit
821 4177 957 4251 Nonius
990 4188 1105 4248 autem
1139 4177 1364 4252 eruditionem
1391 4187 1499 4276 atque

103 4313 301 4390 doctrinam
327 4329 398 4375 suae
424 4301 534 4373 aetatis
556 4303 591 4371 in
618 4301 811 4398 compendii
835 4303 984 4375 sormam
1008 4299 1145 4402 redegit
1162 4312 1198 4374 et
1213 4311 1339 4398 preter
1354 4302 1501 4400 scripto-

104 4413 407 4512 rum‘aesttmonia
432 4423 517 4498 nibil
541 4423 617 4499 lere
648 4422 692 4500 de
725 4451 790 4498 suo
824 4452 929 4523 quam
953 4421 1107 4526 vulgaris
1132 4425 1301 4497 sermonis
1333 4423 1503 4498 voeabula

105 4554 349 4665 explicationis
374 4575 479 4624 eausa
503 4545 643 4626 addidit
695 4551 810 4649 Igitur
834 4552 949 4622 omnia
974 4551 1048 4624 lere
1074 4549 1208 4622 diversa
1224 4557 1314 4619 sunt
1363 4547 1437 4620 lam
1457 4546 1502 4620 de
