3674 5250
1447 451 1509 497 ul

121 605 182 677 cfr·
202 602 297 678 Geli.
322 601 387 676 vl.
418 599 483 693 15,
509 597 546 672 li.
594 598 756 674 Valerius
789 599 944 692 Probus,
977 602 1290 676 Grammaticorum
1312 605 1414 700 primi
1447 631 1509 678 sm·

121 727 190 800 culi
213 753 248 824 p·
272 724 355 800 Chr.
379 751 415 796 u.
438 723 707 814 illustrissimus,
729 735 764 796 et
788 725 863 822 ipse
887 722 1015 796 multos
1043 723 1380 800 Commentationum
1401 725 1510 802 libros

120 849 328 948 reliquerat,
364 847 427 920 eir.
453 843 545 920 Gell
570 845 599 916 l.
616 842 688 918 18.
711 845 758 918 id.
783 846 868 919 XV.
892 843 960 938 50,
984 843 1022 920 5.
1056 847 1117 946 qui
1149 849 1186 918 in
1219 859 1350 946 quanto
1375 846 1509 924 honore

123 971 274 1063 suerint,
311 969 428 1042 multis
462 995 506 1042 ex
538 967 624 1040 locis
658 954 879 1042 manifestum
911 979 975 1042 est
1040 969 1219 1044 Praeterea
1257 970 1338 1044 Iulii
1377 974 1511 1072 Hygini

122 1095 370 1170 Commentarii
394 1095 431 1164 in
455 1090 652 1189 Virgilium,
678 1091 771 1166 Gell.
796 1091 902 1166 XXI.
928 1089 965 1166 2.
990 1093 1102 1192 Largi
1124 1094 1250 1166 Licinii
1261 1092 1513 1190 Ciceromastix
1557 1152 1560 1162 .

122 1218 366 1292 Grammaticis
389 1241 517 1316 magno
542 1218 619 1288 usui
643 1216 803 1306 suerunt,
829 1215 921 1290 Gell.
946 1217 1069 1289 xvfl.
1096 1215 1135 1309 1,
1160 1214 1197 1288 1.
1243 1216 1511 1306 Aelius‘lllelis·

120 1367 201 1430 sna,
237 1339 344 1430 Gellii
379 1338 539 1438 aequalis,
574 1337 618 1412 de
651 1337 819 1436 loquendi
851 1342 1065 1437 proprietate
1098 1337 1225 1414 librum
1258 1340 1386 1432 edidit,
1418 1341 1512 1414 Gell

121 1467 263 1540 xvffl.
288 1465 329 1558 6,
353 1463 388 1538 1.
436 1465 511 1540 Sed
547 1491 667 1540 omnes
700 1491 903 1540 enumerare
935 1465 1081 1566 longum
1113 1478 1187 1557 est,
1225 1475 1260 1538 et
1284 1467 1369 1540 satis
1396 1463 1511 1538 habeo

121 1617 184 1664 eos
209 1614 516 1680 commemorasse,
551 1611 700 1686 quorum
723 1589 853 1686 scripta
877 1598 948 1660 tam
970 1587 1114 1688 vulgata
1135 1589 1243 1662 fuisse
1268 1587 1449 1680 videntur,
1474 1596 1513 1660 ut

123 1712 180 1785 vel
204 1737 226 1782 a
252 1711 485 1786 Grammatico
509 1709 603 1786 sacili
627 1712 771 1810 negotio
791 1712 907 1807 parari
931 1721 1085 1808 possent.

203 1837 278 1908 'Ex
300 1837 353 1908 his
379 1835 539 1909 omnibus
564 1835 784 1908 manil'estum
810 1847 885 1927 est,
918 1839 1096 1936 ingentem
1128 1833 1297 1924 librorum
1321 1837 1428 1912 luisse
1453 1865 1511 1912 co-

121 1965 234 2062 piam,
269 1963 328 2060 qui
354 1961 402 2034 ad
422 1961 614 2034 litterarum
629 1961 834 2033 Latinarum
860 1973 896 2034 et
919 1963 1074 2059 inprimis
1096 1960 1337 2036 Grammatico
1361 1961 1512 2050 studium

118 2085 395 2186 promovendum
420 2085 594 2160 facerent:
627 2085 691 2160 sed
723 2111 801 2160 eum
835 2087 1002 2185 praeclara
1034 2085 1310 2162 doctissimorum
1334 2088 1512 2160 hominum

118 2212 267 2286 eruditio
292 2215 327 2284 iu
352 2215 541 2297 innumeris
565 2215 821 2288 commentariis
846 2213 1080 2288 diffusioribus
1106 2223 1199 2288 esset
1217 2211 1418 2305 recondita,
1452 2213 1513 2310 qui

119 2339 259 2411 nonnisi
282 2338 325 2410 iis
349 2338 428 2408 usui
451 2361 529 2410 esse
554 2347 756 2434 potuerunt,
783 2339 819 2408 in
835 2336 961 2436 quibus
977 2340 1060 2436 ipsis
1085 2337 1199 2410 multae
1224 2336 1346 2412 litters²
1370 2359 1438 2410 nec
1460 2361 1510 2410 eae

118 2459 284 2558 vulgares
309 2470 438 2550 essent,
460 2459 557 2533 libris
583 2485 672 2558 opus
697 2441 804 2533 luisse
829 2459 986 2547 videtur,
1022 2459 1168 2558 quibus,
1203 2471 1242 2534 ot
1267 2459 1372 2536 Gellii
1394 2458 1511 2534 verbis

119 2593 211 2673 utar,
235 2585 376 2682 ingenia
398 2585 560 2655 iuvenum
586 2581 690 2654 celeri
715 2581 877 2681 facilique
902 2582 1109 2681 compendio
1143 2583 1188 2654 ad
1214 2583 1370 2658 honeste
1399 2579 1512 2656 erudi·
1557 2585 1560 2592 ⁴

118 2708 225 2779 tionis
250 2705 445 2801 cupidinem
479 2717 514 2778 et
545 2703 589 2774 ad
620 2705 753 2776 utilium
786 2708 910 2778 artium
942 2707 1270 2798 contemplationem
1294 2707 1511 2780 ducerentur.

119 2829 165 2901 ln
189 2825 250 2899 tali
276 2825 480 2900 collectione
507 2831 621 2900 omnia
647 2839 747 2902 eraut
771 2827 975 2918 omittenda,
993 2854 1070 2926 quc
1088 2827 1396 2920 nimis'recondita,
1415 2851 1512 2903 scru-

120 2949 244 3049 pulosa
270 2961 376 3050 atque
399 2955 501 3024 auxia
526 2953 745 3046 videbantur,
771 2965 960 3028 attentum
976 2956 1133 3053 primitie
1154 2965 1190 3028 et
1211 2953 1511 3054 quasilibamenta

119 3078 348 3175 ingenuarum
373 3078 497 3155 artium
523 3077 706 3168 darentur,
737 3077 801 3152 sed
826 3105 868 3152 ea
891 3105 1008 3178 neque
1033 3082 1069 3152 iu
1091 3078 1220 3152 scholis
1246 3078 1429 3153 decantata
1452 3105 1512 3154 ue-

120 3215 190 3298 qua
212 3201 249 3269 iu
273 3201 526 3272 commentariis
552 3202 709 3297 protrita.
772 3200 881 3292 Quod
911 3205 1138 3300 scriptionum
1168 3226 1280 3299 genus
1312 3201 1450 3299 quomis
1474 3201 1511 3272 in

120 3319 251 3392 deliciis
277 3320 326 3394 illi
349 3323 440 3396 aetati
465 3321 588 3413 firerit,
623 3347 695 3396 non
719 3322 824 3397 modo
850 3326 1048 3398 testimonio
1073 3335 1129 3397 est
1153 3350 1242 3423 opus
1273 3323 1358 3398 illud
1381 3323 1511 3398 Plinia-

119 3471 204 3516 num
237 3469 281 3516 ex
314 3444 460 3542 amplius
485 3446 622 3522 duobus
646 3447 796 3526 milibus
820 3449 1031 3524 voluminum
1065 3461 1285 3548 excerptum,
1319 3449 1382 3524 sed
1414 3449 1512 3549 quod

119 3567 288 3642 librorum
314 3593 458 3642 numero
490 3574 527 3642 in
550 3573 754 3644 immensum
786 3584 911 3665 aucto,
944 3576 1045 3648 otiam
1077 3576 1112 3644 in
1146 3573 1290 3674 singulis
1323 3572 1511 3672 disciplinis
1582 3583 1585 3589 ’

119 3691 211 3766 idem
236 3702 441 3790 temptatum
470 3704 542 3786 est,
566 3693 602 3765 id
627 3694 723 3793 quod
747 3694 950 3794 intelligitur
972 3722 1016 3768 ex
1041 3697 1229 3770 innumeris
1253 3695 1320 3768 illis
1344 3695 1512 3770 librorum

120 3817 415 3916 inscriptionibus,
439 3843 517 3916 quae
538 3821 576 3892 iu
600 3819 803 3917 praelatione
828 3822 874 3892 A.
900 3820 1006 3895 Gellii
1030 3815 1231 3921 leguntur.r
1255 3818 1328 3894 Sed
1354 3847 1434 3894 cum
1457 3818 1511 3890 lit

119 3951 204 4014 tero
229 3942 365 4014 Latinae
390 3941 510 4039 primis
534 3967 569 4038 p.
596 3940 661 4016 eh.
685 3969 718 4014 n.
741 3942 876 4018 saeculis
901 3947 1048 4018 maxime
1074 3947 1111 4016 in
1126 3943 1255 4034 Gallia,
1280 3942 1451 4039 Hispania
1475 3949 1511 4021 et

119 4063 242 4136 Africa
267 4061 485 4156 colerentur,
517 4065 635 4138 nescio
661 4089 706 4136 an
729 4063 784 4140 his
809 4065 949 4165 quidem
981 4069 1017 4140 iu
1044 4065 1246 4166 regionibns
1270 4067 1381 4164 mapie
1407 4065 1511 4136 etiem

118 4190 352 4262 necessarium
374 4187 492 4276 l'nerit,
517 4198 556 4262 ut
578 4186 693 4260 studia
717 4189 903 4262 iuventutis
926 4191 1150 4288 antiquorum
1166 4191 1373 4288 scriptorum
1397 4211 1512 4262 exem·

121 4308 188 4404 plis
213 4319 430 4410 regerentur.
479 4305 572 4382 Nam
606 4337 679 4382 non
711 4311 819 4396 modo
843 4310 1040 4410 Appuleius
1066 4310 1417 4408 monastraretis
1440 4339 1511 4388 ser·

121 4435 230 4504 moria
258 4436 357 4508 mdia
380 4433 490 4508 cultor
511 4433 593 4531 soit,
615 4434 680 4510 sed
703 4437 811 4531 ipsius
830 4435 975 4512 Senecae
1000 4439 1112 4512 oratio
1128 4437 1282 4536 vulgaris
1300 4444 1405 4535 atque
1429 4461 1511 4534 pro-

122 4557 203 4632 trita
229 4561 369 4658 eiusque
393 4560 541 4636 eruditio
568 4573 637 4636 taor
663 4559 846 4634 vernacula
871 4572 905 4634 et
930 4560 1087 4660 plebeia,
1110 4573 1148 4634 ut
1177 4557 1261 4632 nihil
1289 4583 1335 4634 ex
1355 4571 1510 4634 veterum
