3674 5250
1468 443 1505 486 xt

123 598 278 695 vestigia,
311 607 347 668 et
371 594 684 668 Grammaticorum
707 594 873 689 imprimis
904 593 1059 690 plurimae
1083 596 1151 663 sint
1177 591 1311 664 dicendi
1335 589 1505 684 formula,

76 795 86 816 ο
120 743 198 818 qnae
224 719 323 814 quari
346 741 411 814 per
434 739 556 786 manns
580 713 764 784 trudrmtur
797 727 832 786 et
863 713 1098 812 perplurima
1124 713 1249 786 saeeula
1282 727 1421 787 manent
1444 717 1504 786 im·

119 851 232 914 motre.
258 839 518 935 vituperaveris
527 857 604 934 que
613 863 647 933 p.
658 833 741 908 990
751 835 787 907 b.
800 835 984 935 leguntur:
1016 837 1151 931 «poesis
1169 847 1224 908 est
1237 839 1504 934 textoeeoripto·

118 991 208 1050 rum,
221 985 346 1058 poema
358 961 511 1032 inventio
532 980 671 1056 parvm·
698 959 763 1032 sed
782 957 1257 1057 preivemthuinctllianus
1281 970 1316 1032 et
1329 958 1505 1048 Manilium

119 1113 319 1186 quampiam
343 1086 497 1174 fuerunt,
519 1088 579 1182 qui
601 1083 809 1156 vocabulum
828 1095 958 1158 tertam
983 1083 1075 1180 apud
1094 1081 1365 1173 Quinctiliannm
1387 1103 1505 1178 suspe-

54 1307 58 1314 .
120 1221 212 1282 etum
235 1208 414 1282 baberent.
448 1206 660 1278 dilatantium
684 1207 822 1298 babere,
848 1205 944 1302 quod
967 1207 1103 1278 Nonius
1125 1215 1160 1276 et
1176 1231 1209 1301 p.
1220 1201 1298 1276 291
1315 1230 1346 1273 a.
1370 1213 1405 1274 et
1421 1201 1505 1272 alias

118 1344 275 1431 usurpat,
288 1335 526 1430 impugnatum
544 1339 618 1421 est3
643 1328 707 1401 sed
723 1331 887 1402 dietmtr'u
904 1339 940 1402 et
963 1332 1093 1402 distare
1112 1327 1232 1400 eadem
1254 1326 1505 1424 significatione

118 1457 211 1554 epod
245 1453 392 1527 eundem
426 1451 577 1526 Gellium
611 1463 646 1525 et
679 1454 792 1549 ipsum
827 1451 1033 1526 Ciceronem
1068 1450 1205 1550 legitur.
1265 1447 1507 1546 Iudrfferentcr

117 1585 138 1651 i.
160 1607 190 1654 e.
210 1583 285 1668 siue
311 1578 504 1650 discrimine
525 1587 702 1668 notarunt,
727 1575 790 1649 red
807 1588 888 1649 ante
901 1579 1053 1648 Nonium
1069 1575 1161 1673 apud
1182 1573 1322 1646 eosdem
1346 1571 1504 1642 occurrit.

117 1707 172 1776 tta
194 1700 339 1800 p.,270.
370 1699 511 1774 «saucit
531 1701 691 1772 dicuutur
714 1702 855 1797 proprie
879 1699 1061 1789 vulnerati,
1085 1723 1156 1770 non
1179 1697 1301 1770 moesti
1323 1696 1413 1766 sicut
1432 1690 1506 1762 vult

118 1826 362 1902 consuetudo·
416 1827 506 1897 Haec
529 1824 743 1898 consuetudo
766 1828 834 1896 iam
859 1823 951 1922 apud
978 1821 1190 1919 Appuleium
1204 1831 1285 1892 est:
1310 1815 1411 1888 «mihi
1429 1817 1505 1887 lati-

118 1951 267 2050 grtionie
291 1950 461 2022 besternae
485 1952 587 2022 etium
612 1975 705 2020 nune
730 1952 867 2022 eaueio·
905 1947 986 2020 Lib.
1011 1947 1059 2018 ll.
1096 1957 1131 2018 et
1161 1945 1295 2018 itidem:
1334 1939 1506 2040 «Psyche,

116 2103 211 2174 aegra
242 2076 419 2172 emporia,
454 2076 559 2145 animi
590 2077 736 2146 nuncia·
792 2073 885 2147 Non.
916 2101 949 2170 p.
970 2071 1024 2144 98
1046 2097 1095 2143 a:
1126 2073 1272 2143 «nubem
1294 2093 1366 2140 non
1393 2065 1505 2138 solnm

114 2199 296 2287 mulieres,
317 2195 380 2271 sed
405 2202 508 2272 etiam
526 2201 620 2272 viros
641 2199 827 2290 dicebant,
851 2203 897 2271 ita
924 2211 963 2269 ut
994 2221 1087 2267 nune
1113 2195 1192 2267 Itali
1217 2194 1363 2266 dicum.»
1418 2193 1505 2263 llaec

113 2333 153 2392 ut
179 2324 383 2396 auctoritate
395 2323 568 2393 Varronis
596 2322 857 2412 confirmantur,
884 2321 931 2392 ite
957 2319 1049 2416 apud
1066 2317 1320 2390 Tertullianum
1340 2316 1505 2412 frequens

113 2449 188 2520 eine
214 2445 313 2517 verbi
337 2471 439 2536 usus,
475 2445 537 2516 cfr.
568 2455 697 2542 praeter
730 2444 808 2516 loca
853 2447 888 2514 in
916 2443 1057 2515 chieis
1090 2451 1209 2516 notata
1239 2439 1283 2511 de
1319 2438 1503 2510 Exhortat

113 2568 293 2654 castitatis,
319 2564 456 2662 p.ttt.
483 2565 694 2640 ed.Semler.
751 2565 857 2638 Certa
879 2565 1082 2661 posterioris
1106 2565 1215 2634 aetatis
1236 2562 1360 2634 indicia
1382 2561 1504 2658 depre-

26 2695 27 2702 ’
113 2687 267 2758 bendere
288 2688 355 2757 sibi
379 2689 443 2757 visi
468 2700 569 2777 sunt,
601 2687 695 2784 quod
721 2687 856 2760 Nonius
890 2713 924 2783 p.
942 2684 1041 2756 5511.
1066 2695 1102 2756 et
1120 2683 1175 2756 56
1187 2710 1217 2756 a.
1243 2687 1280 2754 in
1306 2685 1504 2755 tractatibus

111 2809 390 2906 philosophentur
416 2806 557 2900 dixerit,
581 2809 707 2906 ignari,
732 2809 849 2900 credo,
874 2820 955 2904 post
982 2808 1200 2904 frequentem
1217 2803 1502 2900 bolus-vocabuli

113 2957 213 3002 uuum
245 2931 336 3028 apud
372 2911 644 3021 Quiuclilianum
679 2957 805 3002 novam
841 2927 934 3004 illam
968 2927 1254 3028 significationem
1286 2955 1356 3002 non
1390 2928 1501 3026 magle

112 3079 189 3126 erse
213 3053 405 3142 insumam,
437 3077 544 3151 qnam
578 3051 674 3150 qnod
706 3053 834 3126 Cicero
865 3053 990 3126 librum
1015 3053 1260 3149 dr'aprrtntioma
1290 3051 1502 3124 Taenarum

110 3178 341 3272 inscripserit,
374 3175 438 3248 sed
462 3177 572 3274 magis
598 3178 701 3247 etiam
725 3175 1024 3272 reprehendendi,
1060 3176 1157 3272 qnod
1181 3175 1270 3248 idem
1294 3172 1500 3247 vocabulum

112 3303 180 3370 iam
203 3327 224 3370 a
238 3300 355 3372 Plinio
379 3302 510 3372 maiore
523 3312 559 3372 et
583 3299 734 3372 aGellio
748 3297 869 3371 eadem
893 3298 1147 3399 significatione
1169 3311 1370 3395 usurpatum
1394 3297 1499 3367 fuisse
1622 3368 1626 3381 ,

110 3425 335 3521 ignorarunt,
372 3423 434 3495 cfr.
468 3424 513 3496 N.
541 3427 589 3496 ll.
621 3423 724 3495 xlv.
747 3420 787 3493 4
821 3421 913 3496 Gell.
948 3423 993 3495 Ν.
1018 3425 1065 3496 Α.
1089 3424 1191 3494 xlv.
1216 3422 1252 3495 2.
1277 3421 1340 3494 21.
1373 3421 1433 3494 ubi
1456 3445 1499 3493 ex

109 3545 356 3644 sequentibus:
394 3559 450 3621 «et
479 3561 653 3646 precepto
678 3548 771 3620 Aelii
798 3547 999 3621 Tuberonis
1018 3587 1055 3604 ·-
1074 3573 1151 3644 qne
1184 3549 1380 3643 nuperrime
1404 3546 1494 3644 legi·

110 3671 329 3744 mandentum
356 3680 422 3758 est,
449 3674 713 3744 commentarios
739 3695 815 3744 enee
840 3671 1096 3770 intelligendos.
1144 3673 1219 3743 Iam
1245 3667 1340 3766 quod
1363 3667 1498 3740 Nonius

110 3821 145 3892 p.
162 3791 217 3864 59
237 3819 268 3864 a.
298 3793 585 3892 significationem
611 3793 731 3864 culinae
762 3791 824 3864 sua
850 3803 952 3864 aetate
976 3793 1077 3864 aliam
1110 3817 1187 3866 esec
1212 3791 1314 3883 dicit,
1346 3790 1425 3862 iude
1451 3789 1498 3859 nil

109 3921 279 4017 sequitur,
300 3919 381 4016 quia
399 3918 467 3988 iam
486 3917 579 4014 apud
589 3916 801 4014 Appuleium
816 3928 946 3989 mutata
964 3915 1124 3990 vocabuli
1140 3915 1346 4014 significatio
1362 3913 1498 4009 legitur.

109 4039 277 4112 Eiusdem
299 4050 380 4146 snut
403 4041 542 4138 generis
567 4063 645 4137 qnae
670 4069 704 4137 p
720 4039 803 4112 576
820 4065 850 4110 a.
876 4056 911 4112 et
922 4037 1004 4111 577
1021 4037 1055 4110 l).
1080 4037 1278 4110 demutatis
1303 4033 1497 4110 nominibus

72 4191 78 4196 ·
110 4173 284 4236 certorum
305 4163 462 4237 colorum
479 4165 731 4254 animadvertit„
753 4163 813 4235 ubi
832 4162 879 4234 nil
896 4159 1089 4234 mirandum
1106 4188 1211 4261 quam
1231 4159 1327 4259 quod
1345 4159 1497 4248 fuerunt,

111 4293 170 4388 qui
191 4287 348 4387 Spanum
368 4313 433 4385 pro
457 4289 653 4388 Ibspanum
673 4292 741 4362 iam
765 4293 869 4364 tertio
891 4287 1021 4362 seculo
1040 4287 1168 4364 dietum
1191 4289 1298 4358 fuisse
1317 4287 1496 4384 negarent.

110 4413 303 4491 Plurimum
334 4413 543 4491 difficultatis
572 4413 779 4488 vocabulum
812 4414 1011 4511 anfortium
1043 4425 1159 4486 movet
1166 4464 1178 4503 ‚
1211 4410 1308 4520 quod
1330 4421 1403 4482 tum
1430 4431 1496 4505 pro

26 4527 27 4538 ¹
108 4543 230 4616 riciario
246 4547 395 4644 positum
412 4554 557 4617 testatur
576 4543 721 4616 Nonius.
772 4541 845 4616 Sed
869 4543 937 4616 boc
957 4543 1049 4618 baud
1073 4539 1176 4615 dubie
1199 4539 1330 4614 Graeeae
1354 4539 1495 4636 originis
