3674 5250
1405 437 1502 482 ”Vll

110 533 211 667 'sue
233 589 300 664 lX·
326 594 475 690 scriptus
502 603 578 684 est,
606 589 710 688 pnulo
735 591 984 662 accuratiorem
1009 557 1176 663 mtonm'
1192 593 1350 687 accepia
1377 593 1503 666 iuvuns

119 713 365 792 humanissimo
389 727 493 816 utque
518 715 728 806 doctissimo,
752 711 945 788 Theodoro
961 711 1095 788 0eluler
1111 713 1407 808 Francofurteusi,
1430 718 1503 815 qut,

122 839 269 912 eumad
293 853 514 930 monumento
540 840 689 914 historie
716 838 931 914 Germanice
955 836 1187 935 perquirendo
1222 835 1391 930 Gutum,
1420 839 1502 914 Bel·
1649 837 1653 846 ’

123 967 218 1064 pium
240 977 277 1038 et
298 967 514 1040 Britanniam
537 967 684 1058 viseret,
717 989 797 1038 meo
821 964 960 1036 uomiue
985 973 1130 1060 rogatus
1164 990 1244 1038 eum
1266 963 1394 1038 librum
1417 961 1502 1038 locis

121 1089 268 1188 emplius
292 1091 562 1189 quinqumgiutu,
594 1115 638 1164 eu
664 1088 790 1188 quilius
813 1087 914 1160 huius
940 1086 1067 1160 codicis
1092 1087 1225 1162 indoles
1251 1099 1356 1188 utque
1381 1098 1504 1160 nutura

121 1215 250 1310 optime
274 1215 541 1310 perspiceretur,
559 1212 812 1284 accuratissime
837 1235 914 1284 cum
932 1207 1082 1282 editione
1099 1211 1169 1284 Ios.
1182 1209 1336 1284 Merces-i
1360 1207 1506 1284 contulit

122 1349 227 1438 utque
253 1362 358 1435 quum
381 1361 485 1434 supro
508 1337 754 1436 proposuimus
786 1337 1041 1427 coniecturum,
1074 1361 1194 1408 omncs
1230 1332 1367 1406 codices
1399 1359 1506 1404 uuum

120 1461 283 1558 idemque
297 1459 488 1558 exemplum
504 1485 581 1532 esse
596 1467 755 1548 secutos,
772 1458 975 1530 testimoniis
990 1457 1266 1532 luculentissimis
1281 1453 1505 1528 couliumuvit.

123 1583 232 1658 Cuius
255 1580 335 1654 libri
359 1581 483 1656 auxilio
508 1579 621 1678 pluro,
646 1603 725 1679 quo
749 1577 862 1652 sdltuo
887 1581 923 1652 in
949 1577 1108 1654 omuibus
1124 1575 1331 1652 editionibus
1344 1587 1506 1675 corrupto

122 1717 216 1796 suut,
248 1703 423 1779 cmeudsri
447 1715 622 1804 poterunt
672 1704 838 1779 Ceterum
873 1703 1047 1780 nonnullis
1084 1704 1169 1778 locis
1201 1729 1278 1778 cum
1309 1702 1506 1779 Geueveusi
1635 1701 1639 1704 ’

124 1833 305 1903 comendo

220 1955 398 2028 Prmtcrec
413 1951 508 2026 Frid.
525 1951 756 2045 Lindemann
773 1953 878 2027 homo
897 1951 1127 2046 doctissimus,
1147 1979 1224 2052 quus
1238 1954 1310 2026 eius
1324 1963 1378 2026 est
1390 1949 1508 2052 humo-

122 2081 226 2170 uitus,
256 2103 386 2176 paucus
407 2077 574 2153 lectiones
600 2079 693 2150 misit
716 2105 735 2152 e
759 2075 878 2152 codice
892 2078 1223 2177 ·lllontispessuluuo
1254 2077 1508 2173 uanuoipto,

122 2229 200 2302 que
224 2205 309 2278 onds
333 2201 577 2301 comprobent
602 2227 679 2276 esse
702 2199 842 2300 quidem
864 2199 961 2272 illum
985 2200 1124 2295 librum,
1148 2201 1191 2274 de
1216 2227 1287 2300 quo
1305 2209 1401 2274 unu
1417 2199 1507 2272 sumu
1605 2210 1608 2222 '

122 2327 207 2420 tuit,
238 2325 441 2402 melioribus
472 2323 786 2416 adnumerandum,
819 2323 883 2397 sed
906 2335 1023 2398 tumen
1055 2327 1090 2396 in
1123 2323 1229 2426 louge
1253 2323 1408 2424 plurimis
1432 2347 1508 2396 cum

122 2451 248 2526 ceteris
271 2449 368 2526 libris
392 2453 598 2527 consentire.
647 2452 705 2524 De
729 2449 871 2548 reliquis
895 2448 991 2522 libris
1016 2450 1128 2524 MSS.
1153 2477 1241 2550 quos
1265 2453 1393 2550 possim
1418 2473 1509 2522 com·

122 2575 407 2666 memoravimus,
438 2601 510 2650 nou
535 2577 802 2648 sutissccurute
833 2575 1081 2672 cognovimus,
1115 2583 1154 2646 ut
1186 2585 1352 2674 quuutum
1385 2575 1509 2671 cuique

124 2695 345 2770 tribuendum
369 2698 425 2787 sit,
449 2695 563 2770 dicere
587 2698 700 2771 licent.
748 2695 930 2770 Luudutur
960 2722 1032 2794 prce
1070 2701 1193 2770 ceteris
1225 2697 1301 2772 oud.
1325 2695 1508 2768 Leidensis

126 2845 203 2894 uro.
228 2815 319 2892 116.
345 2817 456 2894 Cntol.
481 2847 516 2918 p.
538 2816 630 2894 586.
656 2819 798 2896 membr.
823 2822 884 2919 qui
906 2822 1009 2894 etium
1028 2821 1173 2894 Festum
1195 2821 1350 2894 continet
1370 2830 1406 2891 et
1426 2816 1508 2892 olim

122 2943 295 3037 Danielis,
317 2969 401 3018 mox
415 2942 589 3038 Sulmcsii,
613 2955 791 3044 postremo
806 2946 853 3018 Is.
868 2946 986 3018 Vossii
1010 2945 1087 3038 luit,
1104 2943 1169 3022 cir.
1184 2947 1350 3018 licuvcus
1374 2939 1507 3041 pttttt.

122 3067 302 3142 Proteus
334 3055 547 3142 Theodorus
582 3067 717 3144 (leluler
747 3070 955 3142 mentionem
985 3067 1069 3142 fecit
1102 3069 1223 3164 optimi
1247 3067 1417 3159 parisini,
1450 3069 1510 3167 qui

122 3193 161 3264 iu
181 3189 371 3288 -Gstclopo
406 3189 636 3264 Bibliothccm
667 3192 775 3288 copim
802 3186 911 3262 17⁴0
934 3189 1027 3266 edito
1052 3200 1191 3266 notetus
1221 3217 1292 3264 uou
1318 3207 1419 3269 essct.
1466 3197 1510 3272 ld

124 3316 222 3417 quod
254 3318 470 3392 coulirmcvit
499 3315 645 3418 Agatho
669 3317 928 3411 Wunderliclu,
963 3344 1076 3416 nuper
1101 3316 1238 3415 collega
1265 3315 1346 3390 milui
1378 3321 1507 3392 amieis·

124 3442 244 3530 simus‚
268 3465 359 3512 nunc
383 3467 403 3513 u
428 3441 742 3517 Rostochicusibus
776 3445 983 3540 professoris
1007 3468 1148 3516 munere
1174 3451 1328 3536 ornatus,
1353 3447 1413 3543 qui
1431 3471 1508 3520 cun
1648 3461 1652 3467 '

124 3565 271 3636 Parisiis
293 3573 448 3636 veterum
470 3565 798 3640 Iurisconsultorum
822 3565 984 3640 Summus
1009 3567 1239 3659 examinaret,
1272 3565 1414 3642 brevem
1447 3597 1508 3644 no-

125 3689 235 3762 urim
260 3685 304 3759 do
328 3685 504 3760 codicibus
528 3691 697 3763 Purisiuis
723 3691 882 3765 confecit.
931 3691 1040 3766 Cuius
1064 3717 1108 3762 ex
1130 3689 1267 3776 sclsedis
1290 3697 1508 3768 monilestum

125 3809 179 3902 lit,
203 3810 360 3884 codicum
385 3812 624 3886 Parisiuorum
647 3813 754 3914 loupe
778 3816 1096 3914 praestantissimum
1128 3839 1204 3891 esso
1235 3814 1361 3890 ibrum
1386 3814 1509 3910 7666,

125 3927 447 4027 mosomensem,
480 3933 570 4009 Suc.
594 3937 678 4038 X,
705 3938 786 4012 oliuu
819 3939 920 4012 Petri
951 3940 1129 4034 Danielis,
1168 3952 1291 4040 posteo
1324 3937 1508 4012 Philiborti

125 4055 171 4130 dc
195 4055 230 4128 lu
254 4057 365 4132 More.
402 4057 477 4132 Sed
506 4059 542 4130 iu
575 4085 619 4132 eo
649 4087 791 4160 quoque
815 4085 891 4159 cup.
916 4062 984 4136 ΠΙ.
1008 4073 1044 4136 et
1067 4063 1131 4137 lv.
1157 4077 1193 4138 et
1221 4065 1328 4136 multu
1363 4065 1508 4160 scripto·
1597 4079 1603 4100 ⁸

124 4205 203 4252 rum
226 4183 422 4255 testimonis
446 4182 582 4279 desunt,
606 4185 663 4258 vel
687 4185 871 4260 laudentur
895 4185 1054 4285 quidem,
1078 4187 1141 4262 sed
1168 4191 1244 4264 sine
1262 4188 1347 4261 ,libri
1366 4189 1507 4262 uomiue
1590 4257 1599 4274 ‚

127 4299 326 4376 rellsbuloe
343 4305 587 4404 inscription03
611 4307 722 4382 codici
752 4307 959 4384 Golbsrtiuo
987 4305 1106 4382 7666.
1131 4309 1220 4386 Sco
1245 4313 1293 4383 X.
1318 4311 1507 4384 simillimus

130 4445 205 4496 esse
232 4425 380 4522 videtur,
403 4431 438 4502 in
463 4457 535 4531 quo
559 4444 595 4507 et
617 4437 695 4532 ipso
721 4457 796 4534 cup.
807 4435 874 4508 111.
898 4445 934 4508 et
960 4435 1023 4507 lv.
1048 4435 1296 4510 desiderentur.
1349 4435 1507 4536 luteper·
1651 4426 1680 4494 .'

128 4547 251 4622 rimum
274 4553 400 4629 iudicat
423 4557 588 4630 Reuvens
613 4555 758 4631 Gollect.
784 4585 817 4655 p.
850 4555 1217 4655 tssss.0sann.11.p.
1243 4555 1334 4632 58⁷.
1361 4560 1506 4636 coner-
