3674 5250
334 430 420 478 xum

334 585 576 685 discrepantia,
602 579 783 658 commode
807 585 921 680 potnit
944 582 1086 686 adiungi
1112 612 1186 687 cap.
1213 589 1315 664 vm.
1347 593 1391 666 de
1418 604 1547 666 mm
1571 593 1720 670 aaa...

333 713 431 786 time.
479 709 570 780 Nam
597 709 699 780 ctiam
724 709 760 777 in
784 712 964 808 superiore
989 715 1280 786 commentatione
1303 714 1411 788 multa
1431 743 1720 792 commemorave·

331 848 399 928 rat,
424 861 502 933 qne
526 835 623 908 vario
649 835 754 908 modo
783 834 963 930 desinunt,
996 841 1134 928 us-rb,
1159 865 1301 930 s-urn,
1324 849 1500 934 amaus,
1524 853 1713 916 mum-

331 963 395 1034 itia
428 969 493 1032 etc.
543 955 681 1048 Quibus
714 959 837 1030 similia
870 962 971 1032 edam
1005 963 1042 1032 in
1075 985 1152 1060 cap·
1178 962 1279 1034 Vffl.
1304 963 1501 1059 laudantur,
1533 970 1714 1065 miptio-

332 1086 525 1181 aoiptaua,
549 1083 856 1177 cataassim,
880 1089 1150 1178 timor—trinos,
1174 1089 1239 1159 nisi
1263 1089 1360 1188 quod
1383 1089 1480 1164 nulla
1505 1095 1643 1192 generis
1669 1103 1722 1166 ast

333 1203 524 1278 diversitas.
573 1207 648 1278 lam
673 1208 832 1304 apposite
857 1217 1152 1308 sequunturque
1181 1209 1225 1282 de
1248 1216 1400 1285 mm
1430 1227 1462 1290 et
1492 1219 1627 1290 essibus
1651 1215 1721 1288 col·

332 1329 466 1430 legeret
490 1324 580 1428 (cap.
594 1325 793 1430 1X.),·quae
819 1335 933 1406 omnia
958 1343 1039 1404 sunt
1063 1333 1243 1426 eiusmodi,
1273 1347 1312 1408 ut
1344 1337 1390 1410 ad
1413 1339 1599 1427 verborum
1632 1349 1721 1412 stru·

335 1463 450 1526 cturas
475 1452 697 1526 illustrandas
722 1455 859 1526 {acient
909 1453 1022 1527 Multn
1047 1455 1186 1554 quidem
1212 1471 1380 1557 congesta
1397 1473 1490 1551 sunt,
1506 1489 1584 1562 quas
1600 1487 1721 1534 sunum

332 1577 494 1650 indicium
526 1589 685 1676 respuat,
718 1603 859 1652 casuum
889 1581 980 1652 enim
1013 1583 1151 1654 nomine
1187 1609 1258 1654 non
1283 1587 1387 1656 certis
1416 1582 1622 1683 quibusdam
1646 1611 1722 1660 vcr-

333 1699 459 1774 borum
491 1703 677 1792 iuncturis,
709 1699 772 1774 ssd
803 1701 1102 1775 terminationibus
1134 1703 1265 1797 tribuit,
1300 1707 1349 1778 ita
1372 1715 1411 1778 ut
1435 1733 1488 1779 ex.
1514 1733 1567 1807 gr.
1591 1706 1722 1806 ubique

335 1829 567 1900 accusativum
599 1851 675 1899 esse
706 1838 855 1917 statuat,
886 1825 946 1897 ubi
979 1825 1086 1900 verba
1120 1829 1240 1900 inum
1273 1827 1452 1920 desinunt,
1484 1829 1548 1902 scd
1580 1829 1638 1902 ltic
1662 1857 1723 1904 no·

334 1951 448 2043 minis,
472 1977 545 2023 non
570 1953 621 2023 rei
646 1975 746 2024 error
770 1961 836 2042 est,
856 1962 893 2024 et
916 1950 1024 2024 mnlta
1048 1949 1093 2022 ad
1118 1963 1274 2026 veterum
1297 1957 1506 2052 scriptomm
1531 1958 1723 2028 orationem

337 2074 576 2173 explicandam
602 2075 698 2147 utilia
721 2078 893 2168 invenies,
927 2101 972 2149 ex
997 2075 1123 2176 quibus
1147 2079 1298 2150 studium
1333 2081 1594 2178 grammaticas,
1628 2077 1724 2178 quod

335 2197 396 2272 illa
421 2209 522 2271 etate
546 2199 623 2291 snit,
649 2199 748 2272 facilc
772 2198 957 2308 intelligas.

434 2321 504 2393 His
529 2321 662 2394 accedit
686 2348 762 2421 cap.
786 2322 872 2394 ΧΠ.
897 2325 941 2398 de
965 2325 1139 2396 doctorum
1160 2325 1343 2424 iudopine,
1369 2323 1465 2422 quod
1489 2353 1625 2420 eorum,
1647 2351 1724 2426 qum

338 2442 451 2517 adbuc
484 2445 778 2537 enumeravimus,
812 2447 912 2543 quasi
942 2445 1220 2543 supplementum
1257 2463 1320 2519 est.
1369 2447 1554 2545 inscriptio
1586 2446 1724 2548 quidem

338 2567 460 2644 altiora
485 2569 642 2669 quadam
667 2571 852 2667 promittit,
885 2567 949 2643 sod
981 2583 1063 2642 sunt
1088 2573 1195 2662 varia,
1229 2569 1323 2645 bona
1357 2573 1463 2644 mixta
1486 2571 1596 2644 malis.
1643 2569 1722 2643 Alia

339 2705 498 2793 spectant
521 2695 566 2767 ad
591 2697 826 2794 antiqnitates,
852 2721 963 2795 eaque
990 2721 1062 2769 non
1086 2695 1359 2788 contemnanda,
1390 2723 1501 2794 pauca
1534 2696 1659 2770 adiecit
1681 2693 1725 2768 do

338 2819 525 2894 verborum
549 2820 872 2920 significationibus,
901 2821 945 2894 de
971 2848 1123 2921 genere,
1148 2822 1192 2896 dc
1217 2826 1357 2896 mutatis
1381 2821 1531 2914 casibus,
1555 2821 1600 2896 de
1624 2847 1727 2920 syno-

340 2945 471 3041 nymis,
499 2943 601 3014 etiam
627 2942 868 3040 philosophica
894 2935 1052 3041 quisdam
1078 2943 1261 3042 adspersit,
1286 2945 1348 3017 cfr.
1363 2971 1392 3017 s.
1405 2973 1436 3017 v.
1462 2947 1546 3020 dica
1565 2947 1728 3044 Denique

244 3095 248 3120 ·
340 3091 453 3164 pauca
478 3068 650 3155 tractavit,
676 3065 719 3138 de
747 3065 874 3164 quibus
898 3067 967 3137 iam
992 3091 1098 3164 snpra
1123 3077 1257 3166 egerat,
1282 3068 1344 3140 cir.
1367 3071 1473 3166 opud,
1498 3095 1645 3160 caemar,
1668 3069 1729 3140 im·

339 3198 471 3284 pdem,
496 3214 539 3259 ex
566 3188 691 3286 quibus
719 3199 814 3260 recte
841 3187 999 3288 colliges,
1024 3192 1059 3260 in
1085 3216 1127 3263 eo
1154 3191 1266 3288 cepite
1291 3217 1396 3289 qnam
1422 3195 1569 3266 maxime
1594 3191 1730 3266 diversa

342 3321 508 3411 tanquam
531 3314 565 3384 in
590 3312 690 3385 lenae
714 3325 832 3385 satura
858 3337 934 3386 essa
948 3315 1053 3384 mixta
1070 3324 1176 3413 atque
1191 3317 1392 3412 composita.
1425 3315 1501 3388 Sed
1516 3315 1731 3407 lraeoomnin,

343 3463 421 3536 quae
445 3437 558 3509 adhuc
583 3437 878 3528 enumeravimus,
912 3438 1084 3535 precipue
1116 3439 1152 3508 in
1184 3435 1395 3508 illustrandis
1428 3435 1625 3510 nominibus
1654 3461 1745 3510 ven·

342 3569 476 3652 santur,
501 3585 649 3657 quorum
675 3571 736 3630 aut
761 3561 891 3632 formas
915 3569 976 3630 aut
997 3559 1266 3656 significationes
1282 3557 1465 3656 explicant.
1515 3563 1599 3634 Duo
1616 3571 1732 3634 nutem

343 3684 458 3779 capita
481 3683 564 3754 Vll.
592 3693 628 3754 et
651 3681 699 3753 X.
736 3680 781 3752 ad
805 3681 912 3754 verba
936 3685 1121 3780 pertinent.
1165 3681 1306 3771 Priori,
1340 3683 1436 3779 quod
1471 3683 1515 3756 de
1536 3685 1734 3787 ,muamus

343 3809 523 3911 penarium
558 3811 738 3882 oerlmn
771 3807 905 3880 Nonius
941 3809 1139 3905 inscripsit,
1171 3805 1302 3878 sor-mas
1338 3809 1518 3881 inusitatas
1544 3806 1733 3880 verbormn
1802 3791 1803 3798 ἵ

344 3935 463 4006 activae
489 3945 524 4006 et
547 3935 692 4031 passivae
719 3933 970 4032 coniugationis
995 3932 1228 4022 enumeravit,
1260 3930 1319 4004 ubi
1343 3943 1499 4004 veterum
1524 3934 1734 4031 scriptorum

343 4083 439 4149 nsns,
457 4055 630 4154 evulgari
654 4082 814 4130 sermone
840 4057 1009 4148 diversus,
1036 4065 1096 4127 ant
1120 4059 1266 4131 activam
1290 4058 1437 4130 formam
1461 4055 1647 4130 verborum
1673 4053 1735 4128 de·

343 4183 546 4278 ponentium
570 4182 770 4272 retinuerat,
795 4190 856 4252 aut
880 4181 1025 4277 passivis
1051 4176 1167 4251 verbis
1192 4189 1423 4277 expresserat,
1448 4205 1596 4278 quorum
1619 4179 1736 4250 activa

342 4305 455 4378 forma
479 4315 602 4403 postea
623 4305 780 4382 usitatior
803 4301 878 4376 luit.
929 4300 1016 4392 Sed,
1040 4311 1078 4372 ut
1101 4301 1242 4391 assolet,
1267 4302 1370 4374 etiam
1388 4301 1499 4375 aliena
1514 4300 1737 4398 interposuit,

343 4455 421 4528 quae
453 4431 490 4500 in
514 4431 623 4504 altero
649 4431 762 4528 capite
797 4429 841 4502 dc
861 4429 1013 4500 'mutatis
1043 4427 1334 4531 coaiuqutsbnibru
1368 4427 1506 4498 luerunt
1539 4419 1736 4513 tractmda,

343 4555 404 4626 csr.
425 4553 499 4654 fite,
524 4555 687 4640 reddito,
711 4553 889 4645 etpedido,
915 4553 1099 4647 descrepmit
1123 4563 1209 4643 etc,
1243 4578 1391 4652 quornm
1417 4547 1582 4624 nonnulla
1606 4549 1735 4624 iterum
