3674 5250
331 413 414 462 XXVI

330 571 455 644 rectius
489 593 567 641 eum
600 564 646 636 ad
676 589 753 636 saec.
778 559 825 634 X.
862 563 1002 636 reseras.
1059 562 1168 636 Liber
1201 589 1271 636 non
1302 561 1585 654 coutemueudus,
1611 587 1715 662 quern

332 695 526 808 accuratim
551 688 737 766 contulisse
761 712 890 788 magno
915 687 1016 762 uobis
1040 689 1117 760 usui
1142 688 1224 782 tuit,
1256 685 1319 762 sed
1343 691 1529 762 ramentas
1562 713 1634 762 uon
1658 711 1716 760 ea·

256 803 259 815 ’
330 819 422 908 dem,
447 841 525 914 quar
552 812 698 885 duorum
722 813 886 908 priorum.

428 941 584 1034 Quartus
626 945 662 1010 et
703 935 854 1026 Quintus
894 933 963 1008 duo
996 935 1215 1026 Beruenses,
1252 935 1345 1033 apud
1382 933 1569 1007 Sinuerum
1604 933 1717 1008 Gutul.

332 1064 420 1139 Cod.
444 1059 558 1136 MSS.
582 1057 674 1132 Bibl.
699 1060 869 1131 Berueus.
894 1059 923 1128 1.
944 1083 979 1154 p.
1004 1054 1097 1128 829.
1123 1067 1158 1129 et
1181 1052 1274 1128 852
1304 1055 1408 1130 Alter
1431 1083 1506 1130 uro.
1519 1055 1585 1130 85.
1603 1059 1717 1132 lorma

333 1189 503 1277 maxima,
551 1181 739 1256 membran.
773 1181 855 1256 olim
880 1181 919 1255 S.
942 1183 1095 1282 Remigii
1118 1182 1183 1254 luit
1216 1193 1252 1254 et
1274 1207 1351 1254 saec.
1376 1181 1423 1254 X.
1447 1183 1503 1257 vel
1527 1186 1624 1257 initio
1648 1183 1716 1256 XI.

335 1315 494 1412 scriptus.
552 1312 689 1382 Praeter
723 1309 919 1406 fragmenta
952 1305 1177 1381 Grammatici
1207 1310 1369 1406 uuouyrui
1399 1307 1486 1406 Gap.
1510 1307 1575 1381 IV.
1608 1305 1717 1380 Nouii

333 1439 496 1518 continet.
545 1431 659 1504 lllulta
692 1442 728 1501 et
759 1431 924 1526 imprimis
958 1431 1165 1526 scriptorum
1195 1431 1390 1502 testimonia
1424 1431 1570 1520 omissa,
1606 1431 1653 1500 ito
1679 1439 1718 1499 ut

333 1559 417 1634 solia
448 1557 587 1628 XLIII.
629 1551 756 1626 codicis
799 1555 935 1652 paginis
974 1551 1065 1626 188.
1084 1553 1257 1626 editionis
1287 1553 1440 1628 Ilerceri
1470 1549 1719 1651 respondeant,

335 1684 398 1758 sed
422 1686 538 1754 insunt
563 1679 729 1754 lectiones
754 1677 1014 1768 memorabiles,
1048 1703 1092 1750 ax
1125 1677 1252 1777 quibus
1287 1677 1506 1750 manifestum
1530 1687 1602 1768 est,
1638 1703 1717 1750 euru

336 1835 380 1882 ex
405 1807 535 1905 optimo
554 1803 680 1878 codice
706 1829 784 1880 esse
808 1807 1027 1901 exscriptum.

434 1930 522 2005 Cod.
546 1931 717 2002 Berueua.
743 1926 835 2000 517.
859 1929 972 2002 forma
996 1927 1178 2028 quadrata,
1192 1927 1339 2000 ‘duobus
1363 1925 1538 2000 laterculis
1558 1953 1635 2000 srec.
1652 1929 1721 1999 XI.

338 2065 516 2145 exaratus,
551 2051 632 2124 olim
656 2053 855 2149 Bongarsii,
892 2050 1035 2124 membr.
1069 2049 1162 2148 apud
1198 2049 1336 2124 Siuner.
1370 2050 1481 2126 cunt.
1515 2051 1544 2120 I.
1577 2077 1612 2148 p.
1628 2047 1722 2122 852.

336 2179 448 2276 magis
475 2179 577 2248 etium
601 2173 797 2249 decurtatus
822 2172 970 2272 ideoque
993 2177 1095 2272 pretii
1120 2175 1270 2246 minoris.

439 2299 527 2374 Cod.
541 2293 742 2369 Basilicusis
766 2295 808 2366 1⁴¹.
825 2297 888 2368 IV.
906 2295 967 2368 15.
994 2296 1112 2369 Chart.
1137 2291 1219 2368 olim
1245 2295 1303 2371 lib.
1330 2293 1578 2374 commum
1601 2299 1725 2372 1⁸an-

341 2429 421 2502 atta
444 2422 570 2495 minori
587 2422 789 2515 procerrima
813 2445 836 2490 o
860 2417 907 2490 D.
931 2419 1087 2493 Iolaunne
1109 2421 1153 2494 de
1182 2421 1317 2518 lupide,
1354 2447 1431 2495 saec.
1453 2423 1536 2493 XV.
1562 2423 1725 2520 scriptus,

232 2625 240 2638 ,
341 2549 454 2624 forma
470 2547 626 2618 maxima.
650 2542 774 2614 Insunt
796 2553 963 2639 praeterea
984 2540 1062 2614 libri
1074 2541 1243 2616 Varronis
1260 2539 1303 2616 de
1316 2541 1455 2644 Lingua
1474 2545 1617 2638 Latium
1636 2541 1729 2616 liber

343 2677 540 2768 corruptus,
565 2667 624 2765 qui
647 2663 771 2738 multus
796 2664 962 2738 lectiones
987 2663 1115 2757 babet,
1153 2688 1230 2764 quse
1262 2669 1298 2738 iu
1330 2669 1480 2766 antiquis
1518 2665 1728 2741 editionibus

345 2815 517 2894 expressae
543 2802 632 2864 suut
682 2777 929 2886 lnseriptioues
955 2811 1030 2885 esp
1055 2785 1103 2859 ll.
1129 2798 1165 2860 et
1188 2785 1252 2859 IV.
1279 2799 1314 2862 et
1331 2789 1433 2863 vm.
1450 2793 1597 2878 omissae,
1622 2801 1730 2888 caput

345 2921 498 3007 tertium,
522 2926 561 2986 ut
584 2918 620 2984 iu
636 2913 794 2986 omuibus
814 2911 990 2984 codicibus
1005 2912 1176 3006 sequioris
1193 2913 1315 3004 atatis,
1330 2913 1436 2987 deest
1470 2911 1557 3012 Gap.
1574 2925 1730 2987 sertum:

347 3039 473 3135 Incipit
497 3039 540 3110 de
561 3037 713 3134 propriis
736 3035 849 3107 verbis
873 3043 906 3105 ct
922 3031 1113 3104 murinilrua
1134 3032 1343 3132 inscriptum.
1392 3035 1479 3134 Cap·
1495 3037 1578 3109 XV.
1603 3037 1732 3136 Incipit

348 3165 391 3238 de
414 3164 516 3235 varia
547 3159 634 3256 Cap.
645 3157 766 3229 XVII.
790 3155 916 3252 Incipit
943 3157 987 3228 dc
1012 3181 1134 3256 genere
1157 3159 1319 3249 οἰόοηιω,
1340 3183 1518 3256 pomorum
1542 3172 1576 3234 ct
1598 3161 1732 3236 oleum

348 3289 405 3362 vel
426 3287 617 3361 lamborum.
667 3279 755 3372 Qum
780 3279 894 3352 omnia
918 3276 1124 3352 commento
1149 3292 1249 3372 suut,
1283 3293 1412 3380 quanta
1437 3281 1649 3382 negligentia
1673 3281 1732 3355 bie

348 3409 438 3484 liber
462 3417 622 3484 exaratus
648 3407 703 3476 sit.

446 3535 697 3633 Fragmentum
714 3527 840 3603 codicis
856 3529 1058 3608 Turiceusis
1082 3553 1158 3601 uro.
1184 3525 1276 3600 795.
1301 3529 1397 3627 quod
1411 3527 1622 3626 peti-99.
1649 3527 1733 3604 125

358 3651 728 3732 -158106-108.
745 3651 902 3726 editionis
917 3653 1142 3726 Mercerianoe
1155 3651 1413 3752 complectitur,
1438 3652 1622 3754 diligenter
1647 3679 1667 3724 a
1693 3679 1735 3727 se

352 3783 614 3878 transscriptum
638 3777 729 3850 misit
753 3775 833 3850 Car.
858 3773 951 3849 Guil.
975 3773 1117 3865 blttller,
1141 3775 1231 3872 prof.
1255 3775 1457 3868 Berueusis,
1479 3777 1585 3851 bomo
1607 3777 1735 3851 doctis-

352 3909 458 3980 simus
493 3903 663 4000 uobisque
699 3903 940 3993 amicissimus,
971 3903 1030 3998 qui
1070 3901 1171 3972 etiam
1208 3927 1250 3974 ex
1287 3903 1464 3974 Ileuveusi
1500 3901 1735 3976 Collectaueis

351 4029 547 4117 Litterariis
573 4027 699 4114 omnia,
712 4005 799 4122 ⁸qma
824 4023 868 4096 ad
887 4023 1039 4096 Nouium
1056 4023 1242 4120 pertinent,
1264 4028 1424 4096 aeclrrute
1439 4023 1615 4123 excerpta,
1632 4025 1736 4098 uobis

353 4156 518 4256 permisit.
573 4152 819 4249 Fragmentum
860 4151 972 4248 ipsum
1007 4145 1178 4220 interdum
1212 4157 1411 4243 corruptum
1448 4159 1484 4222 et
1518 4147 1736 4222 decurtatum

353 4301 464 4376 pauca
487 4274 593 4348 babet
624 4276 765 4372 propria
790 4283 826 4345 et
851 4272 900 4343 nil
926 4273 990 4341 uisi
1015 4268 1147 4370 aliquot
1171 4269 1443 4366 corruptelarum
1468 4297 1589 4345 causas
1613 4275 1737 4372 aperit.

451 4395 525 4472 Sed
559 4395 660 4470 etiam
685 4395 812 4469 codicis
838 4397 1008 4484 omnium,
1041 4405 1080 4464 ut
1105 4391 1260 4481 videtur,
1286 4397 1531 4492 antiquissimi,
1556 4395 1738 4469 IIarleiaui

353 4551 427 4598 nro.
448 4517 566 4595 2719.
581 4521 693 4594 lorma
706 4518 826 4617 quadr.
844 4519 903 4616 qui
915 4517 1066 4592 Londiui
1085 4517 1258 4594 tultuseo
1269 4519 1472 4612 Britannico
1490 4532 1687 4596 asservatur
1702 4535 1739 4596 et
