3674 5250
345 435 452 484 nvn!

345 593 452 661 tinum
478 614 552 660 nro.
580 584 701 677 7667,
732 585 768 654 in
794 609 865 681 qno
889 584 1004 656 tamen
1029 581 1185 656 deiectus
1208 593 1263 655 ent
1288 607 1322 680 p.
1347 579 1442 674 211,
1465 535 1636 674 9-159,
1663 583 1725 656 111

343 709 458 785 Paulo
482 709 675 780 accuratius
700 705 744 782 de
768 705 822 778 his
845 703 943 777 libris
968 715 1005 776 et
1029 701 1073 776 de
1097 706 1219 778 esteris
1244 704 1425 796 Parisinis,
1454 731 1544 804 qnos
1566 705 1727 780 undeein

342 829 632 908 Wunderliehins
656 837 855 920 enumerat,
889 851 1118 924 exponerem,
1152 829 1217 898 nisi
1245 827 1305 898 Fr.
1338 829 1508 919 Μαι,
1538 853 1559 900 a
1590 853 1645 904 me
1669 854 1726 902 ro·

343 967 459 1058 gatus,
490 965 530 1026 ut
554 957 762 1053 optimorum
785 950 1013 1026 cuddParis.
1038 949 1256 1024 minatum
1278 955 1314 1024 in
1339 963 1494 1026 nostrum
1521 977 1620 1024 nsum
1644 977 1726 1025 eon·

191 1179 193 1184 ,
341 1079 482 1170 ficeret,
515 1077 583 1152 hoe
621 1103 745 1149 manns
778 1076 987 1176 deprecatus
1022 1087 1134 1169 esset,
1168 1075 1354 1174 quodiam
1386 1090 1488 1152 antea
1514 1079 1575 1154 Fr.
1596 1075 1726 1150 linde-

343 1227 469 1276 mauuo
494 1201 584 1274 hane
609 1227 751 1304 operam
777 1201 1002 1298 prestitisset.

339 1320 345 1330 ’
441 1327 498 1398 De
514 1351 639 1400 novem
657 1325 848 1415 Vatieanis,
873 1321 998 1421 quibus
1023 1307 1255 1400 inCieernnis
1271 1327 1474 1427 fragmentis
1499 1325 1544 1400 de
1556 1323 1647 1424 Rep.
1672 1351 1726 1400 re·

341 1449 521 1522 stituendis
538 1473 621 1520 usus
639 1458 693 1520 est
708 1447 842 1539 Maius,
866 1446 928 1520 cfr.
946 1449 1019 1520 eius
1035 1447 1141 1520 Praei.
1160 1449 1205 1521 ad
1221 1449 1294 1524 cie.
1314 1449 1359 1523 de
1374 1453 1465 1548 Rep·
1489 1477 1524 1548 p.
1535 1451 1655 1524 Lxlt.
1670 1449 1725 1524 ed.

339 1573 473 1646 Moser.
498 1583 534 1644 et
545 1599 578 1670 p.
591 1567 683 1644 550.
693 1564 785 1642 551
813 1581 848 1642 et
864 1595 900 1666 p.
913 1567 979 1661 75,
1002 1568 1062 1642 uhi
1076 1568 1279 1645 Urbinatem
1294 1571 1496 1672 praeolarum
1510 1572 1602 1644 dieit.
1625 1571 1725 1664 Quo-

339 1721 417 1766 rum
443 1693 487 1767 de
510 1695 707 1793 integritate
731 1692 801 1766 hoe
825 1718 930 1768 unum
955 1693 1038 1764 satis
1064 1695 1129 1768 erit
1154 1692 1301 1788 dietum,
1324 1695 1505 1770 Gioerouis
1529 1699 1724 1770 testimonia

339 1845 374 1919 p.
399 1815 494 1912 575,
519 1815 583 1890 21.
607 1829 642 1892 et
665 1813 761 1908 169,
788 1811 851 1886 ld
877 1842 922 1888 ne
947 1817 981 1886 in
1006 1841 1078 1889 uno
1101 1817 1241 1916 quidem
1265 1831 1411 1894 exstare.

434 1941 533 2014 Idem
566 1939 612 2014 ad
645 1938 718 2014 Cio.
751 1937 866 2010 loeum
902 1964 936 2035 p.
963 1934 1145 2030 155,15.
1178 1940 1266 2014 duos
1299 1941 1552 2018 Ambrosianus
1577 1969 1725 2018 eommo-

235 2081 242 2091 “
337 2076 462 2157 morat,
487 2089 576 2163 quos
601 2065 637 2134 in
661 2073 816 2135 nostram
841 2062 987 2158 gretiam
1002 2063 1144 2134 iuvenis
1164 2059 1334 2136 litteratus
1365 2065 1540 2138 nonnullis
1563 2065 1650 2142 louis
1673 2071 1724 2140 in·

337 2191 452 2288 spexit
473 2213 572 2287 eque
592 2211 635 2259 ae
645 2185 803 2260 Venetos
824 2183 926 2276 duos,
942 2184 1006 2257 sed
1021 2211 1083 2260 eos
1095 2185 1225 2280 futiles,
1248 2187 1386 2264 mutilos
1400 2201 1436 2264 et
1449 2203 1632 2290 sumptos
1647 2217 1724 2268 asse

338 2315 513 2412 eug-novit
560 2313 619 2384 Ite
643 2309 785 2409 reliquis
809 2306 905 2380 libris
932 2307 1042 2382 MSS.
1078 2308 1203 2409 quilius
1225 2312 1363 2406 lunius,
1388 2313 1561 2415 Scaliger,
1586 2316 1724 2391 'l'urne-

337 2438 424 2529 bus,
448 2435 594 2509 Ursinus
619 2432 824 2526 utebantur,
854 2431 938 2504 nihil
963 2437 1046 2507 uerti
1079 2434 1145 2508 diui
1170 2447 1305 2534 potest,
1336 2465 1450 2540 neque
1475 2440 1519 2516 de
1554 2441 1630 2515 eod.
1652 2444 1723 2513 Ar·

290 2615 294 2622 -
338 2561 451 2655 naldi,
489 2563 548 2661 qui
579 2561 762 2661 aliquoties
793 2561 830 2632 in
863 2558 943 2633 edit
972 2555 1089 2631 1585
1114 2563 1250 2656 uitetur,
1275 2575 1310 2635 et
1334 2561 1377 2638 de
1402 2563 1491 2638 libro
1515 2563 1721 2657 Elnonensi,

337 2714 441 2787 quem
467 2687 590 2761 Carrio
616 2684 752 2778 laudat,
783 2683 910 2777 habeo,
941 2683 1036 2784 quod
1061 2683 1182 2758 dicam
1233 2687 1382 2761 Pessimi
1407 2693 1558 2762 omnium
1581 2689 1723 2788 Neapo-

336 2814 433 2886 litani
463 2807 522 2906 (de
555 2811 680 2910 quibus
713 2809 946 2883 eir.1aunelli
971 2807 1082 2884 catal.
1116 2811 1208 2882 Bibl.
1232 2813 1313 2884 Lat.
1337 2811 1449 2887 MSS·
1474 2813 1589 2888 Musei
1609 2813 1721 2887 Borla

339 2933 456 3008 1827.
488 2961 523 3031 p.
546 2933 610 3005 21.
635 2945 670 3006 et
695 2925 773 3024 25.)
798 2925 871 3002 tiam
899 2929 1010 3004 oodex
1029 2931 1266 3006 Donidianus
1291 2937 1393 3033 eique
1416 2933 1618 3028 simillimus,
1639 2933 1723 3010 olim

337 3057 519 3132 Palatinus
552 3081 644 3128 nune
667 3053 872 3145 Leidensis,
906 3077 984 3126 esse
1015 3052 1195 3148 videntur,
1231 3050 1289 3147 (de
1317 3055 1443 3157 quibus
1469 3059 1530 3132 eir.
1555 3061 1721 3168 Renuens

337 3209 372 3280 p.
388 3177 478 3254 188.
496 3177 659 3270 Wiiken,
675 3176 803 3252 Geseln
819 3175 851 3246 d.
867 3173 1029 3254 Heidella
1043 3175 1135 3250 Bibl.
1154 3207 1187 3278 p.
1201 3173 1307 3272 190.)
1327 3183 1387 3281 qui
1399 3207 1519 3256 omnes
1537 3181 1719 3258 SquV.

337 3307 456 3404 scripti
481 3315 516 3377 et
539 3303 584 3374 ab
610 3298 769 3374 omnibus
790 3297 931 3397 reliquis
958 3297 1055 3372 libris
1090 3327 1132 3378 eo
1166 3313 1247 3376 snnt
1282 3303 1427 3396 diversi,
1458 3303 1574 3404 quod,
1604 3329 1720 3380 renum

337 3428 458 3502 ordine
484 3437 628 3517 mutato,
652 3423 842 3496 litterarum
868 3421 1024 3496 ordinem
1048 3437 1249 3524 sequnntur.

432 3550 759 3648 Antiquissimarum
784 3544 971 3620 editionum
995 3546 1069 3621 fere
1094 3547 1209 3620 nullus
1234 3560 1288 3622 est
1310 3575 1394 3622 usus
1417 3551 1453 3622 in
1468 3549 1585 3625 Nonio
1603 3573 1720 3624 emen·

336 3673 462 3748 dendo.
510 3673 560 3743 Et
583 3673 746 3770 princeps
779 3667 917 3768 quidem
952 3672 1103 3743 omnium
1128 3673 1405 3769 eorruptissima,
1439 3699 1543 3774 quam
1562 3676 1719 3774 Pompo·

334 3801 412 3871 nius
436 3797 556 3868 Laetus
581 3797 704 3867 Rome
739 3795 830 3892 typis
864 3792 1012 3891 Georgii
1040 3793 1140 3864 Leur
1174 3793 1218 3868 de
1241 3795 1427 3896 Herbipnli
1457 3823 1549 3870 anno
1582 3801 1719 3873 niroiter

336 3916 453 3992 1470.
478 3915 569 3990 feliis
595 3913 684 3994 157.
718 3915 978 4013 imprimendam
1013 3918 1154 3988 curavit.
1203 3919 1259 3992 Ea
1282 3923 1431 4018 repetita
1455 3932 1509 3994 est
1539 3947 1571 3993 a.
1597 3918 1717 4000 1171.

334 4045 408 4118 sine
432 4040 558 4114 indicio
579 4039 648 4113 loei
672 4048 731 4110 nut
755 4037 975 4138 typographi.
1026 4035 1144 4110 Atium
1175 4041 1329 4121 eodieem
1353 4045 1508 4142 sequitur
1536 4043 1717 4143 aliquanto

240 4241 247 4254 ,
334 4165 548 4240 emendatior
572 4163 674 4238 editio
699 4163 835 4238 Veneta
862 4159 990 4252 1176,
1025 4187 1128 4258 quam
1160 4167 1320 4262 suspieor
1353 4192 1375 4239 a
1407 4167 1533 4241 Frane.
1557 4167 1717 4241 Rhotan-

335 4289 428 4362 dello
453 4299 613 4362 emaum.
663 4289 786 4362 Exeo
813 4283 1065 4360 descenderunt
1088 4287 1263 4385 plurimae,
1283 4287 1405 4378 ‚altera
1432 4291 1577 4365 alteram
1601 4277 1716 4390 expri-

334 4424 478 4508 mentes,
501 4417 619 4514 puueis
644 4415 791 4486 mutatis.
839 4411 904 4484 Eae
930 4439 1049 4486 omnes
1074 4415 1271 4488 Varronem
1304 4425 1340 4488 et
1362 4416 1506 4488 Festum
1540 4441 1609 4488 nna
1634 4441 1714 4490 eum

332 4539 446 4616 Nonio
461 4542 648 4628 continent,
673 4533 767 4635 quod
780 4535 858 4634 quis
871 4537 1065 4631 instituerit,
1093 4537 1483 4636 nondnmexploratum.
1522 4538 1627 4615 Certe
1644 4541 1713 4612 iam
