3674 5250
340 419 388 464 ιιι

269 615 272 620 ·
338 569 405 648 l'ult
427 568 626 666 (μαφόριον)
654 597 732 670 quse
765 597 837 670 quo
856 582 1028 668 tempore
1054 573 1091 642 lu
1115 597 1215 642 nsum
1238 573 1385 662 venerit,
1418 569 1510 642 bend
1542 567 1642 642 futile
1676 567 1725 640 di·

339 697 457 770 xerim.
517 691 655 790 Saepius
693 693 787 792 apud
826 693 1007 794 Cprillum,
1041 693 1271 768 Athanasium
1313 704 1350 766 et
1379 691 1547 766 basilium
1588 691 1728 790 legibus,

341 818 404 900 cfr.
438 817 502 888 Iln
532 815 667 894 Fresne
699 817 858 890 Lexicon
898 816 1020 890 media
1056 827 1092 890 et
1130 815 1256 888 infime
1287 813 1483 890 Grauitatis
1512 839 1541 886 s.
1572 841 1605 886 r.
1635 813 1729 886 nude

341 938 443 1014 simul
469 947 547 1010 cum
573 936 730 1012 doctrina
754 939 952 1021 christiam
967 943 1140 1014 invectum
1156 939 1264 1011 luisse
1278 939 1450 1012 coniicias·
1499 935 1574 1010 Sed
1595 937 1729 1012 m

342 1087 415 1136 non
438 1085 569 1158 paucos
595 1061 672 1134 fore
688 1063 893 1159 putaverim,
918 1065 979 1162 qui
997 1062 1160 1134 Latinam
1176 1057 1422 1159 etymoloqism
1438 1063 1569 1152 secuti,
1593 1085 1731 1132 mcum

343 1187 416 1258 sive
443 1181 592 1280 musore,
623 1186 820 1284 masor-tium
844 1189 917 1260 sive
941 1188 1144 1260 madum
1169 1185 1399 1282 antiquiorem
1424 1187 1629 1282 scripturam
1654 1209 1731 1257 esse

344 1307 516 1396 iudicant,
551 1317 586 1380 ct
611 1307 655 1381 ad
680 1309 842 1382 Ser'vinm
867 1307 988 1383 Sebol.
1014 1307 1059 1380 ad
1084 1311 1175 1381 Aen.
1199 1307 1229 1378 l.
1254 1303 1347 1378 262.
1382 1331 1448 1380 nos
1480 1306 1661 1404 relegant,
1692 1317 1733 1378 ut

344 1429 506 1502 Latinam
532 1433 604 1504 eins
631 1431 790 1504 vocabuli
815 1434 985 1531 originem
1008 1429 1260 1530 comprobent,
1294 1441 1411 1504 umen
1440 1429 1506 1502 bac
1530 1429 1733 1504 indiciorum

345 1552 543 1626 diversitate
581 1554 755 1651 posterior
788 1553 895 1626 Nonii
926 1563 1010 1626 aetas
1041 1580 1113 1627 non
1146 1553 1389 1640 confirmatur,
1420 1577 1618 1650 quanquam
1643 1552 1734 1623 Bor·

345 1701 490 1748 mannus
525 1674 568 1748 de
605 1675 728 1750 scholii
762 1675 851 1748 illins
885 1678 1084 1776 integritate
1116 1703 1239 1776 parum
1270 1685 1365 1748 recte
1387 1673 1563 1746 dubitasse
1588 1671 1733 1746 videtin.

346 1799 408 1872 clr.
443 1798 615 1899 Suringar
647 1799 691 1873 de
725 1801 810 1872 Ant
845 1801 978 1901 lntcrp.
1012 1800 1151 1898 Virgilii
1187 1827 1222 1897 p.
1241 1796 1307 1872 61.
1333 1797 1378 1870 N.
1425 1799 1551 1896 Neque
1586 1823 1663 1895 quse
1688 1795 1733 1869 ab

346 1921 421 1994 aliis
447 1933 565 1996 notata
600 1934 682 1996 sunt
713 1923 903 2014 vocabula,
935 1926 1120 2022 posteriori
1145 1927 1264 2023 utique
1287 1922 1414 1996 secuto
1438 1921 1621 1996 tribuenda
1645 1933 1736 1994 sunt.

346 2045 433 2137 Ars,
457 2043 553 2144 quod
577 2046 712 2118 Nonius
736 2044 831 2138 617,
857 2043 920 2120 10.
947 2059 982 2120 et
1007 2043 1102 2140 187,
1130 2044 1164 2118 l.
1192 2073 1257 2144 pro
1284 2046 1519 2120 Grammatico
1544 2047 1736 2142 usurpavit,

346 2169 508 2240 Donatus
533 2179 568 2242 ct
591 2169 792 2243 Victorinus
818 2181 968 2242 tuentur.
1018 2171 1185 2267 Depututi
1217 2169 1311 2268 apud
1335 2169 1429 2242 Non.
1454 2167 1522 2260 69,
1546 2165 1584 2240 6.
1609 2179 1737 2266 prater

309 2307 317 2324 ⁸
347 2289 544 2362 Palladium
583 2290 820 2364 Tertullianus
855 2291 899 2363 de
934 2293 1035 2362 Poen.
1073 2289 1111 2362 5.
1146 2291 1262 2364 babet.
1320 2290 1504 2364 Adiectira
1540 2289 1738 2386 temporalib

348 2411 440 2484 Non.
464 2409 560 2506 122,
589 2410 652 2485 11.
685 2409 993 2510 ωφονα6ι166,
1019 2409 1082 2484 11.
1111 2413 1338 2508 incorporalis
1365 2409 1462 2504 166,
1490 2408 1553 2482 16.
1584 2415 1737 2508 incorpo-

253 2512 257 2526 ’
304 2627 307 2632 ¹
348 2531 548 2629 νοιμ166,
574 2533 636 2608 16.
673 2561 750 2634 quae
785 2533 972 2608 Christiani
1003 2533 1150 2608 bominis
1182 2534 1292 2607 videri
1325 2535 1482 2632 possint,
1510 2531 1604 2631 apud
1628 2531 1735 2604 Seue·

349 2681 438 2748 cam,
455 2657 619 2750 Gellium,
632 2655 904 2749 Quinctilianum
927 2658 1056 2754 passim
1080 2655 1255 2754 leguntur.
1279 2654 1421 2730 For-aus
1434 2657 1527 2729 Non.
1541 2653 1634 2728 651.
1645 2649 1737 2726 652.

349 2803 395 2854 cx
418 2781 579 2854 Varrone
604 2778 841 2878 repetendam.
889 2778 1119 2876 Popubm'tas
1139 2779 1184 2851 N.
1210 2777 1302 2852 625.
1327 2782 1395 2850 iam
1421 2779 1570 2872 Plinius,
1593 2779 1739 2851 Tacitus

350 2912 387 2976 et
416 2902 604 2977 Suetonius
638 2905 822 3002 aliquoties
855 2913 1075 2999 usurparunt.
1140 2901 1315 2994 Vitsbilis,
1348 2902 1445 3002 quod
1469 2902 1563 3000 apud
1584 2901 1738 2975 Nonium

349 3051 416 3124 pro
440 3027 645 3116 tarmen,
666 3025 913 3122 [omnidolom
936 3029 1089 3125 ponitur,
1115 3027 1178 3100 cl'r.
1202 3024 1267 3098 15.
1294 3025 1385 3100 126.
1405 3024 1499 3100 519.
1522 3023 1615 3100 567.
1647 3022 1741 3098 590.

351 3144 444 3220 591.
468 3143 793 3220 115122161.
817 3149 885 3220 ἰιιιιι
909 3148 1003 3252 apnd
1018 3147 1183 3222 Ovidium
1209 3173 1336 3222 novam
1348 3147 1438 3221 banc
1453 3149 1743 3248 significationem

351 3268 467 3342 babet.
516 3271 584 3368 Ep.
610 3297 654 3342 ex
683 3272 805 3348 Ponto
828 3273 894 3349 lv.
919 3269 983 3346 11.
1007 3271 1085 3345 51ι
1117 3274 1224 3348 Esset
1248 3283 1420 3370 perpetuo
1439 3300 1502 3346 sua
1528 3299 1632 3372 quam
1656 3275 1744 3346 vita·

351 3392 430 3468 bilis
463 3395 590 3485 Ascrae
614 3396 713 3471 Ausa
738 3406 792 3469 est
816 3396 978 3496 agricole
1003 3397 1108 3470 lllusa
1134 3395 1261 3468 docere
1285 3398 1388 3468 senis.
1427 3397 1615 3470 Praeterea
1649 3395 1745 3494 apud

352 3517 549 3592 Arnobium
573 3529 638 3610 est,
662 3517 789 3611 Nonii,
822 3531 862 3592 ut
895 3518 1056 3618 squidem
1081 3521 1261 3612 existimo,
1286 3517 1473 3616 equalem,
1503 3521 1565 3592 clr.
1591 3518 1671 3592 lib·
1695 3518 1745 3590 V.

353 3667 388 3740 p.
416 3637 507 3714 166.
549 3641 663 3734 «illum
702 3643 808 3718 soetor
841 3641 1017 3716 vitabilem
1050 3641 1201 3716 reddidit
1235 3629 1508 3740 fugiendumque
1547 3643 1740 3739 caprinw

353 3762 552 3836 Verborum
575 3761 710 3866 Auripo
733 3779 769 3840 et
795 3765 942 3864 mpo
965 3769 1077 3838 activa
1101 3766 1214 3838 forma
1240 3792 1313 3838 non
1328 3791 1417 3864 opus
1432 3777 1498 3857 est,
1522 3775 1562 3836 ut
1576 3763 1746 3862 exemplis

354 3887 588 3979 cortilrmetur,
611 3913 689 3960 cum
714 3892 843 3989 passim
868 3888 962 3987 apud
985 3889 1151 3979 Ennium,
1177 3888 1381 3980 Pacuvium,
1406 3891 1553 3971 Accium
1574 3895 1747 3960 occtrrrat.

355 4009 428 4084 Sed
454 4001 633 4108 suspicitur
654 4013 746 4088 Non.
772 4011 865 4088 626.
890 4013 1097 4087 amentum
1121 4009 1212 4084 175.
1237 4023 1273 4085 et
1297 4014 1458 4087 cunuti
1479 4011 1545 4086 21.
1569 4013 1605 4084 ni
1627 4010 1748 4101 fallor,

353 4132 480 4206 nullius
503 4135 683 4232 scriptoris
708 4137 912 4208 auctoritate
938 4143 1018 4206 ante
1032 4133 1185 4206 Nonium
1200 4133 1459 4226 confirmantur,
1483 4146 1634 4208 et'nove
1653 4135 1749 4207 dicta

355 4283 432 4332 esse
456 4257 630 4348 videntur,
653 4259 720 4328 nisi
744 4255 841 4356 quod
852 4255 1091 4328 Tertullianus
1117 4253 1161 4328 de
1185 4253 1275 4327 ldol.
1301 4279 1330 4326 c.
1346 4251 1409 4326 12.
1441 4259 1603 4332 ίεὶιιιιίιιιιι
1626 4257 1748 4349 lubet,

354 4380 446 4456 unde
472 4379 633 4454 telonarii
655 4377 846 4453 derivatum
872 4391 936 4454 est.
985 4377 1060 4453 Sed
1080 4375 1155 4452 buc
1171 4379 1271 4452 venia
1288 4376 1401 4452 denda
1419 4391 1473 4454 cst
1488 4379 1749 4470 Grammaticis,

355 4531 469 4604 nequo
493 4503 677 4594 Senecam,
703 4503 798 4604 qrrod
824 4515 1000 4578 tantuma
1027 4503 1208 4578 Ciceronis
1234 4505 1391 4578 oratione
1416 4501 1595 4578 abborruit
1632 4517 1668 4580 ot
1693 4517 1748 4580 tot
