3674 5250
306 586 359 658 sn·
382 561 532 656 suom
557 576 681 651 mauu
705 578 913 650 menum
939 577 1082 668 ιωειιι,
1114 579 1174 674 qu
1199 587 1299 674 paor
1323 579 1371 648 o.
1396 579 1520 677 ungu
1543 577 1690 648 suom

303 709 420 798 luerit,
444 706 519 780 baec
544 705 658 776 omnis
683 703 766 772 sctis
794 727 870 773 esse
895 699 1103 798 probabilia,
1128 701 1191 774 sed
1215 701 1300 774 nihil
1323 701 1368 774 sd
1384 701 1536 774 Nonium
1552 698 1691 772 Tubus-

303 835 469 906 ticonsem
501 827 674 924 pertinere
707 809 925 898 mobilcstum
959 839 1022 898 ost.
1072 826 1221 898 Accedit
1246 827 1354 925 quod,
1384 853 1461 925 quse
1487 835 1690 925 argumente

303 987 348 1031 ex
371 955 516 1054 singulis
546 951 661 1024 verbis
684 955 792 1048 petits
816 964 909 1040 sunt,
935 963 974 1024 ut
997 952 1068 1024 line
1093 955 1207 1050 quarti
1232 953 1289 1028 vel
1313 955 1411 1024 initio
1438 953 1548 1049 quinti
1574 941 1689 1020 soeculi

301 1079 439 1152 Nonius
464 1075 653 1148 Marcellus
679 1077 804 1146 vixisse
832 1074 1008 1164 videntur,
1044 1100 1084 1148 eu
1118 1079 1233 1148 omniu
1265 1087 1336 1148 tom
1359 1074 1493 1146 infirmo
1518 1083 1618 1160 sunt,
1653 1081 1691 1142 ut

303 1203 509 1274 contrarium
535 1201 650 1296 potius
675 1201 717 1269 iis
742 1199 938 1270 conlirmnri
962 1202 1164 1296 putaverim.
1213 1201 1270 1272 Ex
1295 1202 1335 1272 iis
1353 1201 1443 1270 enim
1460 1195 1588 1286 verbis,
1613 1223 1689 1294 quae

302 1323 416 1421 quarti
440 1320 494 1392 vel
522 1323 632 1418 quinti
657 1320 773 1394 saeculi
806 1345 882 1392 esse
915 1331 1103 1417 putentur,
1139 1321 1234 1418 quod
1260 1332 1437 1394 nonanto
1463 1319 1530 1390 boc
1553 1331 1690 1416 tempus

301 1447 508 1542 scriptorum
534 1443 736 1514 testimoniis
763 1442 959 1514 confirmari
976 1445 1124 1538 possint,
1148 1441 1315 1516 nonnulla
1333 1468 1386 1514 ex.
1402 1467 1454 1540 gr.
1468 1443 1692 1540 uprimensor,

303 1595 400 1658 coxo,
428 1568 643 1657 tabularius,
669 1568 869 1654 nudurisun,
894 1569 941 1636 its
966 1579 1047 1636 sunt
1071 1577 1292 1664 comparatu,
1315 1577 1354 1636 ut
1378 1567 1485 1662 ipsius
1511 1561 1691 1636 Ciceronis

303 1703 403 1763 astute
418 1691 503 1788 fingi
516 1694 710 1787 potuerint3
735 1702 938 1786 temporum
954 1691 1096 1780 hubent,
1122 1693 1242 1788 inquo
1260 1689 1427 1762 ollendas.
1466 1687 1540 1761 Sed
1554 1690 1626 1786 qui,
1638 1698 1691 1760 tot

302 1815 475 1910 tantisque
500 1812 689 1884 litterarum
704 1813 907 1882 Latinarum
932 1815 1162 1884 monumentis
1185 1815 1331 1902 amissis,
1351 1825 1465 1884 tamon
1481 1814 1691 1884 constituere

301 1961 406 2032 posse
432 1933 497 2004 sibi
522 1933 699 2026 videntur,
737 1959 814 2030 quae
845 1935 969 2030 cuique
1002 1933 1129 2036 saeculo
1162 1933 1267 2004 verba
1299 1933 1482 2006 tribuendo
1507 1937 1594 2024 sint,
1629 1959 1692 2006 eos

301 2081 375 2129 non
407 2059 490 2128 satis
523 2055 707 2154 diligenter
737 2068 918 2152 reputasse
948 2059 1157 2152 putaverim,
1190 2055 1297 2128 multu
1330 2059 1365 2128 in
1401 2083 1462 2130 ore
1487 2047 1583 2155 iulgi
1615 2081 1693 2128 esse
1781 2050 1787 2079 ¹

303 2191 339 2251 et
364 2205 523 2252 sermone
550 2183 700 2252 omnium
726 2177 913 2268 celebrari,
951 2191 1136 2274 antequem
1170 2193 1352 2276 postorum
1383 2194 1419 2254 et
1451 2181 1696 2254 historicorum

302 2305 505 2375 testimoniis
530 2303 754 2376 illustrentur.
790 2304 867 2374 lmo
891 2305 1045 2399 ipsorum
1080 2303 1262 2400 aequnliom
1297 2306 1504 2400 scriptorum
1529 2327 1693 2400 magnam

303 2451 379 2498 esse
403 2428 567 2498 orationis
594 2425 850 2517 diversitatem,
888 2430 965 2526 quis
999 2439 1052 2498 est
1085 2431 1145 2524 qui
1180 2428 1336 2500 nesciet?
1386 2429 1577 2498 Pcrcurrnt
1608 2425 1691 2496 mibi

302 2547 425 2644 aliquis
451 2547 620 2620 Varronis
648 2557 682 2620 et
706 2547 855 2622 Vitruvii
880 2545 988 2620 libros
1015 2575 1146 2648 eosque
1180 2539 1256 2620 cuni
1281 2552 1412 2646 optimo
1439 2577 1579 2648 quoquc
1603 2551 1690 2620 eius-

303 2669 380 2741 dem
414 2672 522 2741 aetotis
556 2673 725 2767 scriptore
756 2681 956 2766 comparet,
996 2672 1053 2740 vix
1088 2697 1247 2767 asperam
1281 2671 1417 2743 illorum
1450 2683 1484 2743 ct
1517 2668 1691 2744 horridum

302 2795 494 2863 orationem
527 2805 562 2864 et
587 2795 817 2865 Horatianom
842 2795 1012 2864 sermonis
1039 2792 1246 2892 elegantium
1278 2793 1401 2866 eodem
1425 2793 1552 2868 soeculo
1577 2803 1696 2862 ustum

302 2939 380 2985 esse
407 2915 586 2986 existimet.
638 2913 713 2986 Sed
737 2939 802 3010 per
827 2941 865 2986 se
900 2925 998 3012 potet
1033 2915 1231 3006 bominum,
1268 2917 1327 3010 qui
1360 2919 1471 3012 putria
1504 2913 1622 2986 rolictu
1656 2915 1695 2982 in

302 3049 403 3108 terroe
415 3041 650 3109 remotissimos
664 3039 834 3110 coloniam
848 3042 1040 3130 mittuntur,
1051 3039 1225 3111 cotidiano
1238 3039 1465 3110 barbarorum
1486 3037 1696 3110 commercio

302 3160 411 3232 multo
436 3162 546 3257 magis
570 3159 760 3232 orationem
787 3164 982 3258 corrumpi,
1016 3165 1207 3258 praescrtim
1242 3189 1320 3233 omn
1354 3187 1433 3231 rnro
1457 3162 1577 3256 utiquc
1604 3156 1696 3228 litte-

301 3287 368 3354 rsti
393 3283 551 3354 homines
578 3295 613 3356 ot
639 3283 775 3374 eruditi,
801 3283 865 3354 sed
889 3283 1035 3376 milites,
1069 3287 1188 3357 rustici
1226 3297 1262 3357 ot
1300 3287 1411 3383 turpis
1446 3251 1550 3381 stqbe
1578 3285 1695 3354 ieiuna

302 3403 481 3503 plebecula
507 3405 619 3477 solum
644 3407 793 3502 putrium
825 3417 984 3478 mutaret.
1034 3405 1109 3478 Sed
1145 3409 1180 3476 in
1204 3407 1326 3480 Africo
1359 3411 1537 3505 provincis
1562 3431 1695 3478 sermo·

301 3530 354 3598 nis
396 3528 514 3598 Latini
551 3530 698 3600 nitorem
740 3529 907 3598 metm-ius
950 3531 1052 3600 etium
1091 3531 1236 3626 periisse
1269 3533 1484 3626 putaverim,
1521 3541 1556 3601 et
1596 3527 1696 3623 quod

300 3650 469 3722 Afrorum
494 3675 610 3724 mores
633 3652 906 3748 omnitempore
931 3649 977 3722 ab
1002 3650 1213 3724 bumsnituts
1240 3663 1277 3724 et
1301 3651 1445 3725 cultiore
1467 3656 1536 3724 vita
1567 3649 1695 3723 obhor-

300 3784 456 3864 rucrunt,
482 3787 517 3844 ct
540 3773 636 3872 quod
659 3773 707 3845 ihi
731 3773 924 3846 litterarum
947 3774 1069 3845 studiis
1094 3777 1241 3847 maxime
1276 3773 1400 3874 religio
1422 3775 1618 3848 Christiana
1642 3776 1696 3844 in·

300 3911 512 3972 crementum
535 3899 690 3972 attulisse
714 3898 868 3990 videtur,
902 3925 980 3996 ques
1005 3911 1044 3969 ut
1067 3898 1113 3970 ud
1138 3923 1254 3970 mores
1280 3897 1535 3988 emendandos,
1568 3902 1615 3968 itu
1647 3893 1696 3968 sd

299 4024 533 4122 integritatem
562 4025 731 4096 sermonis
765 4021 1053 4118 corrumpendam
1085 4021 1202 4092 voluit.
1252 4021 1482 4094 Nihilominus
1508 4035 1622 4094 mmen
1648 4047 1696 4094 ex

297 4145 415 4219 Nonio
439 4171 551 4244 pauca
574 4145 814 4218 tantummodo
840 4143 948 4218 verbs
975 4143 1086 4216 abiis
1112 4157 1191 4216 sunt
1218 4156 1351 4234 notatu,
1376 4147 1436 4243 qui
1459 4149 1531 4218 eius
1557 4155 1697 4220 aetutem

297 4297 408 4371 usque
441 4271 487 4343 ud
510 4269 672 4343 secondum
697 4274 855 4369 quintum
880 4269 1111 4342 detruserunt.
1162 4269 1270 4360 Quod
1295 4269 1434 4368 quidem
1460 4239 1698 4342 dutbcslbniurn

298 4421 375 4469 esse
399 4421 504 4493 supra
530 4393 688 4482 vidimus,
712 4419 788 4463 enm
813 4394 848 4462 in
875 4389 979 4484 libro,
1008 4391 1103 4491 quod
1122 4395 1156 4463 in
1178 4391 1365 4465 verborum
1384 4391 1700 4491 significationibus

297 4517 507 4599 illustrandis
531 4529 711 4606 versetur,
746 4519 897 4613 proprio
930 4519 1096 4587 orationis
1131 4515 1265 4586 uestiti
1298 4517 1353 4614 uir
1392 4541 1502 4612 pauca
1539 4515 1699 4588 invenino

1781 2864 1795 3321 t
