3674 5250
330 437 414 484 xxiv

329 587 455 690 quibus
480 584 658 662 vocabulis
683 576 922 659 tantmnmodo
948 583 1051 658 Pauli
1075 586 1253 685 Excerptn
1280 583 1412 686 reliqua
1438 598 1538 676 sunt,
1562 611 1604 658 ea
1628 613 1719 662 com·

327 737 521 788 memorare
545 707 593 780 nil
617 710 760 800 attinet,
795 710 884 782 etsi
916 706 1001 806 quid
1025 707 1135 781 simile
1159 708 1266 784 habet
1291 707 1407 784 brevis
1432 709 1628 806 explicatio,
1652 709 1720 782 hoc

327 862 399 909 uon
425 843 604 907 auctorum
632 831 789 924 consilio,
814 827 879 904 sed
903 832 998 902 casui
1022 827 1257 904 tribuendum.
1306 831 1528 930 Quamquam
1551 830 1635 925 luit,
1660 836 1719 932 qni

327 959 472 1031 Festum
479 955 584 1030 Nonii
596 953 686 1026 libro
700 979 801 1026 usam
814 979 891 1027 esse
903 963 1086 1036 sumeret
1098 945 1154 1044 (F.
1164 952 1212 1024 Η,
1222 953 1352 1045 Bothe,
1361 953 1558 1053 fragmenta
1571 957 1719 1054 tragico-

139 1138 146 1150 .
174 1151 179 1170 ι
327 1109 405 1154 rum
419 1109 454 1180 p.
468 1075 572 1174 168.)
604 1078 679 1154 Sed
694 1105 768 1153 non
781 1080 895 1153 minor
910 1089 964 1151 cst
980 1075 1232 1169 dissimilitudo,
1243 1077 1304 1150 ubi
1314 1077 1451 1152 Nonius
1476 1077 1520 1152 de
1541 1081 1720 1176 magistra-

328 1204 434 1297 tibus,
458 1203 660 1278 sacerdotiis
677 1215 714 1277 et
731 1205 775 1277 dc
797 1207 966 1277 maiorum
991 1205 1155 1274 institutis
1180 1206 1341 1301 exponit,
1366 1206 1481 1279 omnia
1498 1205 1622 1278 leviter
1645 1206 1722 1278 atti-

329 1333 394 1428 git,
418 1329 503 1402 nibil
519 1328 719 1427 diligentius
734 1330 954 1422 examinavit,
971 1327 1115 1402 verbum
1132 1327 1242 1402 verbo
1262 1329 1473 1427 expressisse
1490 1333 1574 1404 satis
1592 1330 1723 1404 babuit.

328 1455 400 1530 Vix
423 1458 530 1554 igitur
553 1455 629 1528 lieri
654 1481 758 1551 posse
785 1456 990 1553 putaverim,
1015 1465 1054 1525 ut
1078 1454 1203 1554 aliquis
1227 1458 1392 1546 inveniat,
1422 1457 1518 1526 cuins
1542 1455 1587 1526 ad
1609 1481 1723 1530 exem·

329 1579 425 1678 plum
448 1578 584 1652 Nonius
609 1575 889 1674 compendiosam
924 1576 1116 1650 doctrinam
1141 1579 1395 1675 conscripserit.
1444 1577 1625 1650 Neminem
1651 1603 1722 1675 prm

329 1705 453 1776 ceteris
477 1713 616 1774 secutus
642 1711 717 1790 est,
749 1727 792 1774 ex
825 1700 985 1774 omnibns
1019 1727 1130 1798 pauca
1164 1699 1329 1774 delibavit
1359 1725 1474 1798 neque
1498 1701 1627 1792 sontes,
1659 1699 1722 1774 sed

329 1826 458 1900 rivulos
485 1835 704 1899 consectatus
730 1847 807 1896 esse
832 1822 981 1914 videtur,
1007 1825 1054 1894 ita
1078 1835 1118 1894 nt
1142 1849 1219 1920 qum
1245 1834 1318 1895 tum
1348 1825 1383 1894 in
1409 1822 1721 1896 Grammaticorum

294 1969 297 1978 “
328 1949 457 2022 sobolis
494 1948 537 2020 de
570 1947 757 2020 verborum
789 1923 1098 2044 significationibus
1122 1943 1361 2036 tradebantur,
1392 1948 1428 2016 in
1459 1969 1587 2044 corpus
1612 1945 1722 2045 quod·

165 2067 172 2076 ’
331 2072 410 2144 dam
437 2071 634 2161 incluserit,
668 2069 764 2168 quod
791 2067 939 2143 mediam
972 2069 1145 2168 quandam
1179 2073 1269 2142 dam
1294 2073 1385 2144 inter
1409 2071 1661 2148 Grammaticus
1687 2085 1723 2145 et

329 2195 462 2266 Lexica
488 2196 611 2285 tenuit,
626 2203 663 2266 et
687 2194 843 2291 quamvis
868 2202 961 2264 esset
985 2192 1237 2290 imperfectum,
1262 2204 1378 2265 tamen
1396 2193 1492 2292 quod
1509 2193 1723 2295 reliquomm

329 2315 408 2388 libri
435 2327 471 2389 et
495 2315 691 2388 diffusiores
717 2325 752 2386 et
776 2313 949 2388 doctiores
974 2325 1086 2404 erant,
1110 2341 1231 2388 eorum
1255 2317 1346 2406 usui,
1375 2317 1436 2414 qui
1452 2316 1584 2392 litteras
1603 2321 1722 2416 primis

330 2452 463 2513 tantum
482 2439 594 2512 labris
620 2438 818 2538 degmtant,
844 2440 990 2510 maxime
1014 2438 1081 2509 luit
1105 2441 1325 2512 conveniens.

431 2566 507 2644 lam
530 2562 627 2663 quod
653 2563 698 2635 ad
723 2573 878 2635 nostram
903 2588 1046 2660 operam
1069 2566 1105 2634 in
1130 2563 1199 2636 boc
1225 2563 1461 2640 Grammatico
1489 2565 1624 2642 edendo
1648 2568 1720 2642 col-

329 2693 478 2766 locatam
502 2693 638 2781 attinet,
663 2689 698 2761 id
721 2691 921 2787 primariam
937 2688 1117 2762 consilium
1131 2690 1209 2779 tuit,
1234 2701 1285 2782 ut,
1311 2701 1477 2790 quantum
1495 2691 1571 2764 lieri
1587 2705 1721 2790 posset,

330 2819 538 2914 optimorum
573 2814 730 2889 codicum
753 2818 925 2914 scriptura
950 2814 1080 2914 ubique
1105 2819 1364 2908 restitueretur,
1403 2829 1438 2890 et
1470 2829 1541 2890 tam
1565 2823 1721 2918 priorum

329 2941 576 3035 interpretum,
612 2941 672 3035 qui
703 2937 816 3010 adbuc
849 2942 884 3008 in
917 2937 1036 3010 Nonio
1072 2939 1277 3036 explicando
1315 2945 1443 3014 versati
1477 2955 1579 3035 sunt,
1615 2969 1722 3042 quam

329 3063 458 3135 nostris
484 3059 782 3132 emendationibus
806 3059 1047 3132 illustraretur.
1098 3060 1192 3170 Satis
1211 3065 1302 3136 enim
1320 3075 1468 3158 constat,
1494 3067 1625 3138 nullum
1644 3069 1722 3142 sere

329 3185 534 3281 scriptorem
559 3192 705 3280 propter
729 3181 1022 3281 fragmentorum,
1058 3207 1136 3281 qnae
1170 3211 1215 3257 ex
1249 3185 1488 3260 diversissimis
1520 3191 1722 3264 auctoribus

329 3308 553 3404 transscripta
578 3316 671 3396 sunt,
695 3303 946 3377 multitudinem
970 3304 1146 3378 bominum
1171 3306 1352 3382 doctorum
1377 3311 1501 3384 iudicia
1527 3317 1637 3413 magis
1662 3341 1722 3388 ex·

329 3435 490 3506 creuisse.
538 3431 663 3528 Neque
688 3430 764 3502 lieri
789 3439 917 3527 potest,
942 3442 981 3502 nt
1005 3433 1041 3502 in
1066 3431 1134 3505 boc
1159 3437 1329 3532 scriptore
1348 3434 1472 3533 aliquis
1489 3437 1554 3510 sibi
1574 3437 1722 3536 aliisque

328 3557 412 3626 satis
449 3555 573 3646 faeiat,
606 3554 670 3624 nisi
704 3551 849 3646 multas,
884 3580 961 3652 quae
986 3557 1122 3646 insunt,
1161 3556 1376 3654 corruptelas
1402 3559 1629 3634 coniectando
1654 3559 1724 3632 tol·

328 3677 402 3751 lere
410 3676 557 3749 studeat
574 3677 653 3747 Etsi
670 3678 759 3748 enim
773 3677 858 3748 lllaii
873 3676 1033 3750 indicium
1051 3676 1176 3751 adCic.
1191 3675 1334 3776 deRep.
1351 3681 1514 3776 paxu.
1524 3681 1577 3754 ed
1587 3683 1722 3757 llloser.

332 3801 488 3875 «Nonius
513 3827 534 3872 a
559 3801 702 3890 vertice,
726 3811 765 3871 ut
789 3803 896 3890 aiunt,
919 3827 1030 3898 nsque
1056 3800 1101 3872 ad
1128 3812 1319 3874 extremum
1343 3829 1495 3902 unguem
1513 3804 1611 3878 ulcus
1628 3817 1718 3897 est‚·

327 3949 450 4023 parum
475 3921 557 3994 mibi
581 3919 769 4020 probatur,
794 3935 910 3996 tamen
935 3923 1003 3995 hoc
1028 3921 1178 3994 dubitari
1201 3949 1272 3996 non
1296 3936 1433 4021 potest,
1457 3929 1542 4025 quin
1566 3929 1672 4002 malta
1698 3957 1723 4004 a

329 4047 524 4148 glossarum
548 4043 747 4118 auctoribus
769 4043 965 4142 adscripta,
998 4044 1106 4115 multa
1128 4042 1347 4116 librariorum
1372 4049 1502 4120 incuria
1529 4051 1585 4124 vel
1609 4055 1725 4126 fetatis

328 4174 450 4244 iniuria
473 4170 626 4242 mutilata
660 4181 765 4270 atque
796 4181 955 4242 truncata
979 4172 1056 4240 sint.
1106 4169 1221 4244 Multa
1245 4172 1352 4269 igitur
1376 4169 1528 4266 obstant,
1561 4201 1632 4274 quo
1656 4178 1724 4247 mi-

328 4319 393 4365 nus
419 4297 568 4392 genuina
594 4291 701 4367 verba
726 4295 876 4366 auctoris
902 4289 1031 4389 ubique
1056 4295 1188 4364 restitui
1213 4295 1368 4390 possint,
1403 4297 1468 4366 nisi
1500 4323 1611 4370 novus
1642 4299 1724 4394 qui·

328 4414 408 4487 dam
429 4415 552 4509 codex,
577 4417 622 4490 ab
648 4413 823 4505 omnibus,
847 4414 908 4511 qui
934 4409 1047 4485 adbuc
1070 4416 1307 4507 innotuerunt,
1332 4415 1437 4515 plane
1462 4419 1638 4510 diversus,
1674 4447 1724 4493 ex

328 4537 480 4612 tenebris
505 4551 654 4612 eruatur.
705 4540 762 4610 De
795 4538 921 4634 quihus
956 4541 1046 4612 enim
1078 4539 1191 4612 adbuc
1223 4546 1465 4638 cognovimus,
1491 4545 1514 4616 ii
1540 4545 1584 4618 ad
1610 4575 1721 4622 unum
