3674 5250
275 355 308 397 Π

275 532 309 604 p.
331 499 425 576 556.
470 501 561 575 Nam
594 498 650 572 vel
681 497 802 573 leviter
833 498 922 572 banc
957 503 1181 598 questionem
1209 501 1433 600 tangentibus
1458 505 1579 574 miram
1606 504 1654 574 vi·

146 687 151 698 .
275 627 414 717 deutur,
440 623 557 726 quod,
590 623 683 694 exitu
716 620 874 694 adiectivi
906 633 1057 714 mutato,
1096 623 1338 698 libus-ticenum
1361 651 1427 722 pro
1458 625 1656 697 Tadurtimu

176 841 182 866 ι
273 751 439 848 scriptum
464 749 520 837 sit,
545 755 581 818 et
603 745 639 814 in
665 753 719 816 tot
741 746 948 842 scriptorum
966 743 1065 836 locis,
1090 743 1150 816 ubi
1166 745 1308 820 Tiburis
1321 751 1466 846 agrique
1480 747 1655 820 Tiburtini

273 875 415 946 mentio·
430 870 511 961 liat,
545 879 660 942 manen
686 893 855 966 nusquam
881 895 970 943 nova
1003 867 1077 942 bec
1101 873 1297 945 terminatio
1321 871 1467 972 legatur.
1518 870 1593 945 Sed
1616 896 1655 942 re
1800 890 1807 918 ·

274 997 465 1069 accuratius
489 995 681 1066 examinata
706 992 789 1062 safis
815 1003 963 1086 constat,
1007 993 1251 1067 Tabuticcmia
1274 1019 1388 1094 neque
1411 997 1568 1086 unicam,
1597 1021 1655 1066 ne-

174 1153 179 1168 ·
275 1147 344 1220 que
360 1099 575 1218 optimorum
600 1115 767 1189 librorum
794 1141 870 1188 esse
895 1121 1109 1216 scripturam.
1158 1117 1249 1190 Nam
1283 1121 1318 1190 in
1352 1116 1471 1192 codiee
1497 1117 1657 1193 Goeller-

273 1242 405 1342 bptano
424 1235 521 1337 (W)
547 1269 567 1315 a
592 1269 697 1315 manu
720 1227 830 1340 prima
858 1242 1110 1318 tamena·
1133 1247 1299 1344 scriptum
1322 1257 1388 1336 eat,
1412 1244 1508 1344 qnod
1526 1273 1570 1318 m.
1588 1271 1656 1318 sec.

212 1375 218 1382 '
274 1367 309 1435 in
340 1364 597 1440 Tuburoicenaab
619 1366 775 1455 mutavit,
801 1373 837 1435 et
861 1365 895 1434 in
921 1365 1052 1458 codice,
1077 1367 1137 1465 qui
1162 1365 1243 1438 olim
1268 1367 1367 1439 Petri
1380 1367 1550 1460 Danielis,
1575 1397 1656 1442 mox

276 1490 457 1582 Salmasii,
482 1489 632 1590 denique
656 1491 704 1562 Is.
728 1487 848 1564 Vossii
871 1491 958 1582 l'nit,
990 1493 1052 1564 cir.
1072 1491 1183 1566 Gatal.
1212 1491 1306 1564 Bibt
1330 1491 1431 1565 Leid.
1464 1491 1517 1566 ed.
1540 1491 1657 1568 1716.
1798 1554 1801 1571 .

274 1644 308 1714 p.
328 1611 421 1687 565.
476 1613 737 1715 Tuburpiceauir
759 1613 905 1714 legitur3
931 1613 1079 1714 denique
1105 1617 1140 1686 in
1166 1615 1240 1688 aliis
1264 1614 1360 1688 libris
1390 1615 1654 1691 murenis

277 1749 455 1812 exaratum
479 1748 542 1809 est
592 1735 681 1828 Quae
707 1735 845 1836 quidem
870 1735 1027 1810 lectionis
1051 1741 1201 1810 varietm
1225 1739 1273 1808 ita
1297 1749 1350 1812 est
1374 1750 1594 1836 comparata,
1619 1749 1657 1810 nt

277 1859 322 1934 ad
348 1862 461 1934 omnia
486 1859 553 1932 alia
576 1858 709 1932 facilius
735 1885 839 1958 qnam
865 1857 909 1930 ad
933 1857 1047 1931 Tibur
1062 1859 1218 1932 Italicum
1240 1862 1420 1934 reseratur.
1470 1863 1543 1932 lam
1556 1859 1657 1960 sque·

277 1980 445 2074 rentibus,
468 1984 566 2053 cuins
592 1981 710 2080 oppidi
736 2007 861 2054 noman
886 1979 931 2052 ad
955 1979 1023 2056 boc
1046 1981 1252 2056 vooabnlnm
1275 1983 1485 2083 gentilicium
1502 1987 1658 2082 proxime

276 2103 432 2196 accedat,
458 2102 642 2176 admodum
668 2101 772 2176 credo
795 2101 977 2200 probabile
1001 2078 1186 2194 vidiabitnr,
1211 2106 1284 2178 eius
1308 2103 1465 2176 adiectivi
1490 2109 1659 2203 originem

276 2227 321 2300 ab
349 2225 480 2326 oppido
510 2225 718 2302 tuberatae·
743 2251 819 2300 osse
845 2225 1088 2325 repetendam,
1117 2227 1212 2326 quod
1235 2233 1455 2330 municipium
1479 2233 1514 2302 in
1538 2231 1661 2304 Africa
1713 2221 1716 2228 ’

273 2354 375 2424 situm
398 2351 548 2424 Sanctus
571 2351 790 2450 Augnst'mns
813 2353 939 2448 sapius
957 2365 1212 2426 commemorat
1261 2353 1336 2426 Sed
1353 2356 1435 2428 lecit
1449 2353 1540 2426 band
1556 2353 1662 2428 dubie
1801 2442 1807 2457 .

275 2473 320 2548 ad
344 2473 434 2548 illius
459 2473 620 2548 vocabuli
645 2477 813 2573 originem
837 2474 1108 2568 obscurandam,
1138 2488 1176 2549 et
1200 2477 1296 2576 qnod
1326 2475 1455 2550 librarii
1487 2477 1661 2550 scribendi

275 2601 442 2674 rationem
468 2597 513 2670 ad
538 2600 682 2672 notioris
708 2595 803 2668 urbis
828 2623 955 2671 nomen
980 2589 1265 2691 conformabant,
1295 2611 1332 2672 et
1355 2599 1450 2699 quod
1474 2599 1574 2698 plura
1598 2629 1659 2700 op·

274 2722 355 2822 pida
380 2722 531 2798 eiusdem
556 2723 630 2796 sere
655 2725 802 2796 nominis
826 2735 863 2796 et
887 2725 1006 2822 paucis
1030 2735 1163 2798 mmum
1189 2723 1311 2798 litteris
1335 2722 1470 2796 diversa
1487 2725 1521 2794 in
1537 2721 1659 2796 Africa
1803 2744 1807 2753 ·

274 2847 339 2918 sita
363 2846 512 2918 luerunt.
559 2846 649 2920 Na·
674 2857 801 2944 practer
827 2849 1087 2940 Θουβουρσίιαα,
1103 2849 1199 2920 cuius
1223 2849 1309 2920 situs
1321 2845 1415 2944 apud
1431 2845 1658 2920 Ptolemaeum

275 2965 355 3042 edit.
387 2967 495 3040 Basil.
518 2968 680 3042 Froben.
708 2965 824 3042 1655.
848 2963 904 3040 40
927 2994 959 3065 p.
985 2964 1077 3040 215.
1099 2957 1170 3038 aid.
1184 2965 1232 3042 ld.
1253 2970 1290 3060 γ’.
1310 2969 1493 3062 delinitur,
1525 2969 1661 3045 colonia

275 3091 436 3164 Romana
461 3089 526 3164 luit
552 3091 783 3181 Θουβουρνίκα,
804 3088 969 3188 oppidum
991 3089 1255 3182 Tudumioaase,
1281 3089 1374 3188 apud
1389 3092 1540 3164 Plinium
1558 3093 1658 3166 Itu.

276 3211 321 3286 V.
345 3210 383 3286 1.
419 3215 514 3313 quod
538 3217 650 3313 ipsum
687 3213 859 3288 diversum
892 3215 957 3286 luit
981 3215 1025 3286 ab
1051 3215 1182 3314 oppido
1212 3215 1444 3290 Tuborbituno
1466 3220 1596 3290 maiore
1622 3229 1657 3290 ct

276 3337 422 3426 minore,
446 3363 522 3435 quae
547 3339 582 3408 in
608 3337 792 3412 collab'onc
818 3337 1079 3410 Donatistarum
1107 3340 1179 3414 sive
1204 3337 1437 3438 Carthaginis,
1463 3367 1567 3438 quam
1591 3343 1659 3438 pri·

277 3485 352 3529 mus
384 3458 543 3532 Pitboeus
568 3459 674 3534 edidit
706 3487 740 3558 p.
765 3455 844 3532 tta
872 3469 906 3532 ct
922 3485 956 3555 p.
972 3456 1063 3530 207.
1086 3475 1406 3534 commemorantur.
1455 3461 1661 3560 Inderpatet

277 3589 427 3677 quatuor
467 3581 598 3678 oppida
632 3583 802 3656 numerari
839 3581 929 3654 inter
966 3607 1005 3654 se
1029 3579 1177 3675 diversa,
1217 3582 1460 3676 Tuburaicuaa,
1496 3584 1661 3682 oppidum

283 3701 547 3794 Tudumioenae,
572 3705 759 3778 Tuburbin
784 3709 951 3780 maiorem
967 3719 1002 3780 et
1016 3709 1201 3799 minorem,
1220 3705 1284 3782 sed
1298 3709 1412 3806 ipsum
1427 3708 1662 3784 Tubursicum

279 3827 407 3928 duplex
431 3829 504 3902 tuit.
553 3831 714 3906 Alterum
746 3833 837 3908 enim
860 3832 972 3906 Druc-
993 3835 1278 3933 cognominatur,
1310 3843 1349 3904 nt
1380 3831 1497 3904 videre
1530 3844 1584 3906 est
1617 3859 1662 3906 ex

278 3931 513 4050 inscriptione,
536 3981 640 4053 quana
665 3958 795 4053 primus
820 3953 978 4030 Sbawins
1002 3955 1084 4028 Vol.
1100 3956 1128 4026 1.
1154 3983 1189 4052 p.
1206 3951 1297 4026 220.
1322 3953 1450 4051 publici
1474 3957 1557 4028 iuris
1581 3957 1664 4030 lecit

279 4085 314 4146 et
338 4087 461 4172 postea
484 4057 647 4150 Mad'eins
672 4088 708 4150 et
731 4077 892 4150 Donatus
923 4077 1157 4169 illustrarunt,
1190 4076 1283 4175 apud
1308 4073 1477 4150 Orellium
1501 4078 1662 4176 Inscript.

279 4195 374 4268 Latt.
399 4196 484 4270 Nro.
510 4195 628 4270 5691.

111 4279 116 4290 '
278 4315 414 4426 pani.
438 4319 613 4393 nomm.
639 4320 892 4392 mannam.
920 4321 1038 4396 avo.
1063 4321 1207 4396 uase.
1240 4322 1489 4398 nvmomn
1515 4319 1664 4396 sava

170 4412 175 4436 ¹
279 4439 423 4516 mam
447 4441 787 4520 ausonianas
811 4445 987 4518 arnam
1014 4445 1490 4520 umavasronusrvm
1512 4445 1663 4518 avan
