3674 5250
342 435 437 482 mu

341 590 478 688 [fener-is
516 613 592 662 esse
628 581 786 656 'videntur
820 580 1218 684 editiones'rlngustauu
1253 615 1283 660 a.
1312 583 1414 660 1521
1444 585 1504 660 l'ol.
1529 611 1607 659 cum
1632 612 1722 660 com·

340 713 509 788 mentatio
527 707 654 782 lacobi
669 707 831 800 Locber,
856 719 891 782 ct
914 710 1073 782 Parisios
1097 738 1124 783 s.
1149 739 1180 784 1.
1204 739 1268 811 per
1292 713 1458 786 loauuem
1483 711 1645 784 Luliseau
1670 709 1724 783 d.⁰

340 835 414 908 Eas
438 831 555 906 videre
581 857 651 904 uon
677 833 832 930 contigit
882 831 1085 930 Sequuntur
1109 833 1320 909 Basilicuses
1353 835 1522 935 Hervngii
1555 834 1721 908 editiones

341 983 372 1030 a.
399 953 516 1028 1555.
543 951 804 1040 15561519.
837 981 914 1053 quse
949 967 1031 1051 post
1055 957 1236 1056 Hyginum
1269 957 1425 1056 aliosque
1448 955 1722 1056 mytbograpbos

341 1076 564 1177 Fulgentium
585 1065 725 1176 (proque
749 1078 936 1150 continent.
985 1077 1121 1150 Harum
1138 1082 1289 1151 omnium
1306 1079 1441 1154 indoles
1465 1091 1520 1152 cst
1542 1075 1723 1170 simillima,

343 1227 421 1274 cum
445 1200 553 1274 altera
577 1201 887 1293 alteramenta,
912 1203 971 1272 uix
994 1205 1113 1301 paucis
1137 1203 1261 1294 litteris
1286 1203 1341 1276 bic
1363 1203 1433 1278 illic
1456 1205 1605 1310 luntatis
1649 1203 1722 1278 Sed

343 1325 481 1396 omniuo
507 1323 679 1397 dvorsum
704 1335 758 1396 est
783 1321 868 1394 illud
894 1323 1101 1422 exemplum,
1125 1325 1221 1424 quod
1247 1327 1432 1400 Perottiuo
1464 1329 1602 1426 corpori
1625 1327 1724 1400 Busi-

341 1423 468 1522 lieuscs
500 1447 720 1536 adiecerunt,
761 1443 868 1518 Curio
906 1473 936 1518 a.
965 1443 1094 1540 1552,
1128 1447 1301 1522 anderus
1336 1474 1366 1520 a.
1400 1445 1517 1522 1556.
1566 1447 1657 1520 Nom
1690 1459 1725 1522 et

342 1571 520 1669 Fulgentii
557 1593 682 1642 nomeu
717 1578 753 1640 et
785 1593 857 1640 nou
890 1593 1000 1664 pauca
1035 1568 1124 1662 1111,
1161 1569 1265 1642 credo
1301 1572 1337 1640 iu
1373 1569 1561 1669 exemplari
1594 1573 1723 1670 scripto

229 1787 230 1795 ἵ
269 1671 274 1681 ¹
344 1693 547 1784 desiderata,
575 1690 687 1765 editor
711 1693 834 1765 omisit
884 1691 1052 1791 Sequitur
1077 1693 1277 1768 Hadrianus
1300 1696 1433 1788 lunius,
1465 1699 1527 1796 qui
1550 1695 1595 1768 ab
1620 1723 1725 1794 appa·

273 1891 284 1904 ,
342 1827 421 1890 ratu
445 1819 563 1890 critico
588 1843 659 1890 nou
684 1818 984 1908 instructissimus,
1010 1815 1144 1890 collatis
1168 1817 1301 1902 dnobus
1326 1817 1533 1893 editionibus
1557 1819 1726 1892 1111111111-

342 1941 459 2033 sibus,
493 1967 639 2040 quarum
672 1941 781 2013 altera
815 1965 892 2012 cum
917 1941 1062 2039 Hygino
1097 1941 1284 2035 11519,
1321 1943 1429 2016 altera
1466 1969 1544 2017 cum
1575 1945 1724 2018 Perotto

344 2069 526 2138 coniuncta
563 2075 637 2157 est,
670 2065 818 2136 fortasse
853 2066 956 2137 etiam
988 2068 1144 2165 iuspecto
1178 2093 1426 2168 nonuunquam
1451 2066 1569 2140 codiee
1595 2069 1725 2166 scripto

344 2186 474 2285 aliquo,
495 2185 650 2260 libellum
676 2185 870 2260 emendavit
893 2185 1047 2284 plurimis
1071 2189 1169 2282 locis,
1192 2189 1255 2263 sed
1279 2217 1349 2264 uon
1373 2191 1486 2261 miuus
1502 2215 1595 2288 soepo
1610 2215 1726 2262 emen-

344 2307 561 2400 dationibus,
601 2332 687 2406 qnas
721 2306 860 2406 quidem
893 2307 951 2380 ille
983 2308 1148 2408 putabat,
1182 2310 1324 2384 11111111
1356 2311 1580 2385 alienissimis.
1635 2313 1727 2384 lunii

344 2430 539 2528 exemplum
561 2432 773 2528 posteriores
796 2431 1052 2526 repetiverunt,
1085 2459 1233 2530 quorum
1256 2431 1498 2506 memorandus
1531 2443 1585 2506 est
1608 2433 1727 2505 Boua·

342 2565 488 2628 ventura
513 2554 703 2628 Vulcanius
742 2546 882 2645 (lsidori
914 2553 1079 2652 Origines
1115 2567 1151 2628 et
1181 2556 1381 2630 Marcianus
1416 2556 1581 2654 Capella,
1617 2555 1725 2628 llnsil.

261 2691 267 2704 '
344 2673 475 2772 1577.)
507 2690 693 2777 propterca
727 2676 824 2778 quod
853 2681 1018 2776 scripturn
1050 2677 1203 2754 codicem
1234 2693 1361 2754 nactus-
1386 2680 1524 2756 Isidoro
1553 2707 1726 2754 annexum

341 2801 508 2876 lectiones
542 2830 585 2876 ex
619 2829 661 2876 eo
688 2813 869 2898 excerptas
894 2805 1085 2900 proposuit.
1106 2885 1109 2892 ¹
1135 2806 1203 2876 llis
1228 2807 1400 2905 excerptis
1426 2815 1482 2896 et,
1505 2815 1545 2876 ut
1576 2804 1725 2896 videtur,

342 2923 453 2996 altero
479 2925 631 3022 quodam
654 2925 844 3024 exemplari
875 2927 986 2999 losias
1010 2927 1191 3024 blercerus
1224 2928 1340 3002 sobrie
1375 2953 1458 3000 usus
1485 2927 1593 3002 multa
1626 2931 1726 3002 resti·

342 3050 419 3140 tuit,
444 3047 508 3120 sed
533 3047 614 3122 dum
637 3049 739 3122 lunio
765 3051 864 3120 nimis
888 3052 1018 3147 parcit,
1055 3077 1126 3124 nou
1151 3077 1270 3149 parem
1293 3049 1429 3124 laudem
1453 3055 1594 3126 meritus
1619 3063 1726 3150 atque

342 3171 378 3240 in
401 3170 529 3243 Nouio.
576 3171 728 3246 Merceri
753 3171 937 3244 editionem
970 3171 1118 3246 fideliter
1141 3185 1431 3272 representarnut
1453 3175 1666 3249 bluuclrcrus
1689 3187 1727 3248 11

342 3293 567 3387 Staverenus,
591 3295 861 3395 lllytbograpbis
886 3300 956 3368 suis
982 3300 1193 3390 inserentes,
1216 3299 1279 3372 s'cd
1302 3311 1448 3398 uterque
1475 3297 1519 3372 de
1542 3325 1581 3372 re
1607 3299 1727 3372 critica

281 3397 284 3404 Ι
342 3416 431 3490 benc
456 3421 581 3490 meruit
605 3417 825 3493 subiiciendis
850 3419 1016 3494 librorum
1034 3423 1241 3519 scriptorum
1256 3421 1507 3496 collationibus.
1555 3423 1605 3496 Et
1615 3423 1728 3496 blun-

342 3545 463 3618 clerus
489 3545 627 3643 quidem
659 3551 809 3619 excussit
839 3547 1056 3624 membranas
1091 3547 1308 3622 bibliothece
1332 3547 1514 3622 Leidensis
1537 3548 1728 3620 vetustissi-

342 3694 427 3760 mus,
452 3667 555 3741 bodie
579 3667 829 3746 111111111155
855 3670 1043 3763 distinctas,
1068 3665 1727 3768 (0111111151111111.1716415511)

341 3793 554 3868 Stavcreuns
575 3794 674 3892 plura
699 3794 851 3868 subsidia
876 3795 921 3867 ad
945 3823 1083 3868 manum
1107 3793 1245 3888 babuit,
1279 3795 1342 3868 sed
1373 3821 1439 3892 pro
1471 3793 1631 3869 socordia
1659 3819 1729 3866 sun

341 3915 385 3988 de
410 3916 621 4014 compendiis
647 3918 746 3992 Leid.
777 3919 875 3994 Voss.
898 3921 985 3995 lixo.
1009 3921 1053 3992 Ε.
1077 3919 1161 3991 nibil
1186 3919 1323 4013 docuit,
1357 3931 1396 3992 ut
1420 3921 1574 4011 nescias,
1607 3929 1728 3992 utrum

341 4053 506 4140 quattuor
531 4053 671 4114 autres
695 4041 804 4116 libros
828 4043 985 4116 indicarit
1019 4054 1054 4116 et
1076 4041 1260 4116 Leideusis
1292 4041 1428 4114 idemne
1457 4045 1501 4116 sit
1534 4043 1728 4142 (1111111111-

341 4164 445 4257 oleri,
478 4191 524 4236 un
548 4163 644 4236 alius.
694 4165 813 4255 Quare
845 4191 909 4238 nos
943 4165 1051 4238 relata
1083 4163 1230 4238 lidcliter
1263 4163 1394 4236 rel'erre
1428 4161 1606 4237 debuimus
1637 4167 1729 4236 satis

180 4301 184 4306 ’
248 4301 251 4312 ’
341 4286 480 4361 babere.
528 4287 710 4361 Vidcudns
744 4301 858 4360 tamen
891 4287 1003 4362 Catal.
1038 4285 1121 4360 bibl.
1153 4284 1253 4360 Leid.
1288 4313 1322 4384 p.
1350 4283 1443 4360 575.
1478 4313 1554 4361 nro.
1586 4285 1649 4362 96.
1688 4301 1731 4362 11

341 4407 490 4533 11166.
514 4437 589 4484 nro.
616 4409 679 4484 ll.
