3674 5250
1446 403 1515 478 {XV

133 537 360 618 omnes‘idem
383 543 565 639 ἀρχέτυπον
584 549 694 620 sacnti
709 567 791 621 esse
801 546 979 642 videntur,
1005 545 1133 622 eedem
1152 551 1243 622 enirn
1258 547 1388 623 lacuna
1409 563 1514 650 atquc

131 667 317 742 verborum
341 675 626 771 transpositiones
652 673 811 746 omnibns
835 677 960 746 insunt.
1013 657 1025 678 ’

228 793 279 866 Et
304 795 460 868 codicum
485 796 636 895 quidem,
661 825 749 898 quos
767 799 959 870 accuratius
976 801 1200 890 excussimus,
1216 799 1323 900 longe
1347 811 1512 898 praestan-

124 899 282 988 b'ssimus
307 929 361 992 est
386 917 679 1020 Guelferbytanus
705 920 797 996 Gnd.
823 919 886 994 96.
920 919 1033 996 Ebcrt
1069 947 1144 996 nro.
1163 913 1255 994 592.
1303 921 1516 996 membrana·

131 1039 327 1133 cenasse.
341 1043 408 1114 Xl.
433 1042 546 1116 lorma
570 1041 750 1141 quadratu,
769 1042 905 1116 duobus
924 1042 1098 1114 laterculis
1123 1055 1296 1137 exaratus,
1323 1048 1418 1118 cuius
1444 1043 1515 1118 col-

129 1160 293 1238 lationem
317 1191 395 1236 cum
420 1191 441 1236 a
465 1165 504 1240 S.
528 1168 576 1240 Η.
601 1168 767 1240 Reimaro
784 1167 999 1240 Bondamins
1011 1169 1213 1269 accepisset,
1237 1167 1374 1266 abipso
1395 1169 1513 1268 Marq.
1532 1244 1537 1260 Ι

130 1284 246 1362 Gudio
272 1288 484 1380 conlectum,
516 1288 678 1362 iudicavit
709 1293 784 1362 esse
817 1288 972 1362 codicem
996 1290 1133 1387 optimas
1146 1302 1250 1382 mota
1276 1302 1311 1364 et
1335 1289 1428 1362 baud
1452 1293 1514 1362 mi·

126 1437 213 1486 nare
231 1417 344 1510 pretio
358 1417 488 1512 optimo
502 1414 575 1507 illo,
600 1442 671 1515 quo
689 1441 772 1488 usus
790 1424 883 1514 essct
897 1415 1091 1507 Maraccus,
1115 1415 1176 1488 clr.
1190 1415 1355 1488 Reuvens
1369 1442 1404 1512 p.
1421 1409 1511 1485 187.

16 1569 17 1574 ’
126 1536 185 1609 Ex
208 1533 385 1633 pluribus,
418 1537 461 1612 de
486 1535 612 1636 qaibus
636 1537 715 1611 vide
749 1535 1007 1612 adnotationem
1031 1539 1195 1628 saiticam,
1221 1535 1405 1608 admodum
1431 1562 1511 1634 pro·

124 1661 242 1734 babile
272 1661 430 1754 videtur,
459 1662 554 1736 bunc
587 1660 740 1736 codicem
765 1687 843 1734 essc
867 1661 1014 1764 cundem
1041 1688 1119 1734 cunr
1144 1650 1324 1738 Victorino
1350 1661 1510 1732 lllcrceri.

126 1781 235 1874 Quod
259 1809 336 1856 cum
363 1809 407 1857 cx
431 1793 591 1856 accurata
616 1782 742 1856 codicis
768 1783 952 1856 collatione
977 1785 1271 1883 cognovissemus,
1296 1782 1512 1881 Madvigium

124 1905 215 1980 idem
248 1909 409 1980 statuisse
442 1905 598 1980 vidimus.
649 1905 719 1998 Qui
751 1931 830 1980 cum
864 1905 1016 1980 eiusdem
1049 1905 1176 1980 codicis
1209 1905 1427 1980 collationem
1461 1905 1509 1976 di·
1590 1897 1592 1910 '

122 2031 402 2131 ligentissimam,
444 2059 521 2132 quse
563 2030 644 2106 olim
685 2033 737 2126 lo,
781 2030 921 2106 Alberti
960 2029 1111 2104 Fabricii
1153 2032 1238 2123 luit,
1279 2031 1426 2102 Haunirc
1472 2031 1508 2100 in
1606 2109 1611 2117 ,

122 2153 331 2230 bibliotheca
356 2156 550 2230 academica
576 2167 808 2249 marcum,
832 2159 1023 2230 accuratius
1054 2159 1302 2248 examinasset,
1335 2157 1450 2228 omnia
1473 2156 1509 2228 in

124 2304 163 2352 ea
188 2281 333 2354 inveniri
356 2281 529 2373 indicavit,
555 2307 632 2381 qnae
657 2283 837 2356 lllercerus
862 2309 882 2356 c
906 2281 1025 2358 codice
1038 2282 1130 2357 Vict
1148 2279 1351 2370 laudaverit,
1376 2278 1437 2350 cfr.
1464 2277 1509 2349 ad

17 2451 18 2454 =
123 2403 196 2478 Cic.
208 2401 252 2478 de
264 2403 422 2497 Finibus,
437 2407 584 2480 Haunias
611 2403 729 2480 1859.
754 2434 788 2504 p.
801 2402 892 2478 22l.
917 2403 1009 2478 869.
1059 2405 1230 2478 Dissentit
1259 2401 1303 2476 G.
1333 2399 1509 2492 Seebnde,

122 2526 182 2622 qni
206 2528 242 2596 in
264 2527 367 2600 Misc-
391 2527 476 2602 Crit.
501 2527 583 2604 Vol.
609 2524 643 2600 1.
669 2527 822 2603 eiusdem
848 2526 975 2600 codicis
999 2527 1166 2602 lectiones
1189 2528 1362 2599 variantes
1386 2551 1508 2622 parum

123 2645 306 2744 diligenter
322 2662 504 2748 excerptas
521 2651 684 2752 evulgare
699 2654 815 2750 coepit,
840 2663 876 2724 et
895 2650 971 2724 cod.
987 2649 1104 2724 Guell.
1126 2647 1336 2746 singularem
1352 2647 1507 2720 codicum

121 2766 284 2840 familiam
308 2769 435 2846 ducere
455 2775 667 2849 existimavit
691 2774 803 2848 Nobis
817 2775 981 2871 'unprimis
995 2797 1126 2844 summa
1151 2771 1298 2842 bominis
1320 2768 1506 2842 doctissimi

120 2889 388 2988 pausent,
415 2896 594 2972 directoris
616 2899 786 2998 ggmnasii
812 2895 1113 2988 fletmsndiensis,
1137 2892 1381 2966 benevolentia
1405 2894 1505 2990 copia

118 3017 196 3110 fuit,
221 3027 261 3090 ut
279 3019 370 3094 bunc
386 3020 703 3120 pracanensium
721 3019 875 3094 codicem
899 3019 1104 3110 accuratius,
1122 3043 1226 3116 qnam
1250 3027 1352 3092 antea
1376 3015 1505 3088 lactum

119 3153 207 3234 erat,
231 3147 513 3220 examinaremus.
607 3198 609 3206 ι

216 3267 399 3344 Secundus
425 3283 478 3346 ast
493 3270 707 3362 -Leidensis,
739 3272 945 3360 Vossianus,
970 3266 1081 3344 Gatal.
1105 3264 1198 3340 Bibl.
1222 3263 1322 3338 Leid.
1355 3293 1389 3364 p.
1410 3261 1503 3335 575.

118 3417 194 3464 nro.
209 3389 272 3464 75.
299 3395 358 3490 qui
377 3396 533 3491 quamvis
551 3421 621 3468 non
636 3395 799 3484 omnium,
815 3393 875 3492 qni
890 3401 1039 3482 exstant,
1054 3390 1099 3463 sit
1116 3389 1382 3486 antiquissimus,
1408 3384 1503 3486 qnod

118 3514 200 3587 olim
223 3513 385 3586 iudicavit
408 3515 690 3608 Lindemannus,
721 3525 837 3588 tamen
871 3525 907 3586 et
937 3514 1013 3610 ipsc
1046 3509 1135 3584 Sec.
1160 3509 1227 3582 Xl.
1262 3512 1501 3607 scriptumst,

115 3637 229 3710 forma
258 3635 445 3736 quadrata,
481 3637 615 3712 dnobus
649 3637 844 3729 laterculis,
878 3633 1043 3728 membr.;
1088 3657 1191 3732 quem
1231 3629 1501 3730 Oudendorpius
1608 3645 1611 3653 ⁴

116 3757 329 3852 contulerat,
353 3761 449 3834 cuins
475 3759 657 3834 ccdab'one
682 3786 765 3832 usus
791 3770 845 3832 est
872 3755 1107 3846 Bondamius,
1141 3754 1203 3826 cl'r.
1233 3756 1398 3828 Reuvens
1429 3755 1451 3826 l.
1476 3753 1499 3826 l.

114 3883 328 3956 Litterarum
363 3882 485 3956 ductura
519 3883 593 3958 lare
628 3883 752 3975 iidem,
787 3881 953 3956 lectiones
984 3877 1165 3976 aliquoties
1201 3876 1361 3952 meliores
1396 3903 1500 3976 quarn

115 4005 393 4108 Guelferbytani,
417 4005 481 4080 sed
505 4007 630 4104 sapius
655 4005 863 4112 deteriores,
886 4005 923 4076 in
946 4000 1101 4101 plurimis
1126 3999 1199 4073 l'ere
1226 4002 1415 4092 consentit,
1450 4001 1498 4070 ita

114 4141 152 4202 ut
175 4129 232 4204 bic
254 4129 343 4204 liber
368 4134 479 4230 magis
505 4135 608 4206 etiam
634 4129 813 4206 confirmet
835 4129 1072 4206 auctoritatem
1095 4127 1230 4224 prioris.
1573 4122 1578 4132 ’

209 4256 352 4344 Tertius
376 4255 671 4350 estGencvensis,
696 4259 755 4356 qui
781 4266 914 4328 tantum
942 4261 1047 4350 caput
1068 4260 1229 4349 quartum
1248 4244 1498 4346 complectitur,

114 4376 334 4480 incautogo
357 4405 412 4480 ap.
435 4377 638 4457 Sennebier.
662 4407 697 4477 p.
712 4375 805 4450 216.
832 4403 907 4452 nro.
927 4371 991 4448 dd.
1015 4371 1157 4446 membr.
1179 4370 1290 4443 lorma
1310 4365 1497 4467 quadrata,
1537 4473 1540 4486 1

113 4527 218 4609 quem
241 4504 298 4578 ille
323 4508 352 4576 si
381 4507 492 4578 minus
514 4505 640 4580 secuto
665 4501 766 4577 vlll.
794 4514 886 4576 certe
911 4499 978 4573 ΙΧ.
1001 4500 1166 4596 scriptun
1182 4515 1257 4564 esse
1275 4494 1410 4581 statuit,
1435 4489 1497 4562 sed

1119 4619 1153 4666 vv
